
@incollection{selinger_survey_2010,
	title = {A survey of graphical languages for monoidal categories},
	volume = {813},
	url = {http://arxiv.org/abs/0908.3347},
	pages = {289--355},
	author = {Selinger, Peter},
	urldate = {2023-10-04},
	date = {2010},
	doi = {10.1007/978-3-642-12821-9_4},
	eprinttype = {arxiv},
	eprint = {0908.3347 [math]},
	keywords = {18D10, Mathematics - Category Theory},
}

@book{de2006symplectic,
	title={Symplectic geometry and quantum mechanics},
	author={De Gosson, Maurice A},
	volume={166},
	year={2006},
	publisher={Springer Science \& Business Media}
}

@article{Selinger2007,
  title = {Dagger Compact Closed Categories and Completely Positive Maps},
  volume = {170},
  ISSN = {1571-0661},
  url = {http://dx.doi.org/10.1016/j.entcs.2006.12.018},
  DOI = {10.1016/j.entcs.2006.12.018},
  journal = {Electronic Notes in Theoretical Computer Science},
  publisher = {Elsevier BV},
  author = {Selinger,  Peter},
  year = {2007},
  month = mar,
  pages = {139–163}
}

@misc{gsa,
Author = {Robert I. Booth and Titouan Carette and Cole Comfort},
Title = {Graphical Symplectic Algebra},
Year = {2024},
note = {https://arxiv.org/abs/2401.07914},
}

@article{joyal_geometry_1991,
	title = {The geometry of tensor calculus, {I}},
	volume = {88},
	issn = {00018708},
	doi = {10.1016/0001-8708(91)90003-P},
	pages = {55--112},
	number = {1},
	journaltitle = {Advances in Mathematics},
	author = {Joyal, André and Street, Ross},
	urldate = {2019-03-14},
	date = {1991},
	langid = {english},
	keywords = {toread-cat},
}

@misc{joyal_geometry_1991-1,
	title = {The geometry of tensor calculus, {II}},
	series = {Unpublished draft},
	author = {Joyal, André and Street, Ross},
	urldate = {2019-03-14},
	date = {1991},
	langid = {english},
	keywords = {toread-cat},
}

@misc{joyal_planar_1988,
	title = {Planar diagrams and tensor calculus},
	series = {Unpublished draft},
	author = {Joyal, André and Street, Ross},
	urldate = {2019-03-14},
	date = {1988},
	langid = {english},
	keywords = {toread-cat},
}

@article{robin,
	title = {Weakly distributive categories},
	volume = {114},
	issn = {0022-4049},
	url = {https://www.math.mcgill.ca/rags/linear/Cockett-Seely-WDC-Durham1991-corrected.pdf},
	doi = {10.1016/0022-4049(95)00160-3},
	pages = {133--173},
	number = {2},
	journaltitle = {Journal of Pure and Applied Algebra},
	shortjournal = {Journal of Pure and Applied Algebra},
	author = {Cockett, J. R. B. and Seely, R. A. G.},
	urldate = {2023-10-03},
	date = {1997-01-13},
}

@article{cockett_linearly_1999,
	title = {Linearly distributive functors},
	volume = {143},
	issn = {0022-4049},
	url = {https://www.sciencedirect.com/science/article/pii/S0022404998001108},
	doi = {10.1016/S0022-4049(98)00110-8},
	pages = {155--203},
	number = {1},
	journaltitle = {Journal of Pure and Applied Algebra},
	shortjournal = {Journal of Pure and Applied Algebra},
	author = {Cockett, J. R. B. and Seely, R. A. G.},
	urldate = {2023-10-03},
	date = {1999-11-10},
}

@article{mccurdy_graphical_2012,
	title = {Graphical Methods for {T}annaka Duality of Weak Bialgebras and Weak Hopf Algebras in Arbitrary Braided Monoidal Categories},
	volume = {26},
	url = {http://arxiv.org/abs/1110.5542},
	pages = {233--280},
	number = {9},
	journaltitle = {Theory and Applications of Categories},
	author = {{McCurdy}, Micah Blake},
	urldate = {2023-10-03},
	date = {2012-05-28},
	eprinttype = {arxiv},
	eprint = {1110.5542 [math]},
	keywords = {Mathematics - Category Theory},
}

@article{duncan_graph-theoretic_2020,
	title = {Graph-theoretic Simplification of Quantum Circuits with the {ZX}-calculus},
	volume = {4},
	issn = {2521-327X},
	doi = {10.22331/q-2020-06-04-279},
	pages = {279},
	journaltitle = {Quantum},
	shortjournal = {Quantum},
	author = {Duncan, Ross and Kissinger, Aleks and Perdrix, Simon and van de Wetering, John},
	date = {2020-06-04},
}


@article{alr,
  title = {A Graphical Calculus for Lagrangian Relations},
  volume = {372},
  ISSN = {2075-2180},
  url = {http://dx.doi.org/10.4204/EPTCS.372.24},
  DOI = {10.4204/eptcs.372.24},
  journal = {Electronic Proceedings in Theoretical Computer Science},
  publisher = {Open Publishing Association},
  author = {Comfort,  Cole and Kissinger,  Aleks},
  year = {2022},
  month = nov,
  pages = {338–351}
}


@article{bouchet_circle_1994,
	title = {Circle Graph Obstructions},
	volume = {60},
	issn = {0095-8956},
	doi = {10.1006/jctb.1994.1008},
	pages = {107--144},
	number = {1},
	journaltitle = {Journal of Combinatorial Theory, Series B},
	shortjournal = {Journal of Combinatorial Theory, Series B},
	author = {Bouchet, A.},
	date = {1994-01-01},
	langid = {english},
}

@article{kante_rank-width_2013,
	title = {The Rank-Width of Edge-Colored Graphs},
	volume = {52},
	issn = {1432-4350, 1433-0490},
	url = {http://arxiv.org/abs/0709.1433},
	doi = {10.1007/s00224-012-9399-y},
	pages = {599--644},
	number = {4},
	journaltitle = {Theory of Computing Systems},
	shortjournal = {Theory Comput Syst},
	author = {Kante, Mamadou Moustapha and Rao, Michael},
	urldate = {2021-03-25},
	date = {2013-05},
	langid = {english},
	eprinttype = {arxiv},
	eprint = {0709.1433},
}


@article{Gross2006,
  title = {Hudson’s theorem for finite-dimensional quantum systems},
  volume = {47},
  ISSN = {1089-7658},
  url = {http://dx.doi.org/10.1063/1.2393152},
  DOI = {10.1063/1.2393152},
  number = {12},
  journal = {Journal of Mathematical Physics},
  publisher = {AIP Publishing},
  author = {Gross,  D.},
  year = {2006},
  month = dec 
}

@inproceedings{poor_qupit_2023,
	location = {Paris, France},
	title = {The Qupit Stabiliser {ZX}-travaganza: Simplified Axioms, Normal Forms and Graph-Theoretic Simplification},
	volume = {384},
	doi = {10.4204/EPTCS.384.13},
	shorttitle = {The Qupit Stabiliser {ZX}-travaganza},
	eventtitle = {Twentieth International Conference on Quantum Physics and Logic},
	pages = {220--264},
	booktitle = {Electronic Proceedings in Theoretical Computer Science},
	author = {Poór, Boldizsár and Booth, Robert I. and Carette, Titouan and Van De Wetering, John and Yeh, Lia},
	date = {2023-08-29},
	langid = {english},
}

@inproceedings{comfort_graphical_2021,
	title = {A Graphical Calculus for {L}agrangian Relations},
	volume = {372},
	doi = {10.4204/EPTCS.372.24},
	eventtitle = {Applied Category Theory 2021},
	pages = {338--351},
	booktitle = {{arXiv}.org},
	publisher = {{EPTCS}},
	author = {Comfort, Cole and Kissinger, Aleks},
	date = {2021-05-13},
	langid = {english},
	doi = {10.4204/EPTCS.372.24},
}

@misc{comfort_algebra_2023,
	title = {The Algebra for Stabilizer Codes},
	doi = {10.48550/arXiv.2304.10584},
	number = {{arXiv}:2304.10584},
	publisher = {{arXiv}},
	author = {Comfort, Cole},
	date = {2023-10-11},
	eprinttype = {arxiv},
	eprint = {2304.10584 [quant-ph]},
}

@article{lafont_towards_2003,
	title = {Towards an algebraic theory of {B}oolean circuits},
	volume = {184},
	issn = {0022-4049},
	doi = {10.1016/S0022-4049(03)00069-0},
	pages = {257--310},
	number = {2},
	journaltitle = {Journal of Pure and Applied Algebra},
	shortjournal = {Journal of Pure and Applied Algebra},
	author = {Lafont, Yves},
	date = {2003-11-01},
}

@inproceedings{carette_szx-calculus_2019,
	location = {Dagstuhl, Germany},
	title = {{SZX}-calculus: Scalable Graphical Quantum Reasoning},
	volume = {138},
	isbn = {978-3-95977-117-7},
	doi = {10.4230/LIPIcs.MFCS.2019.55},
	series = {Leibniz International Proceedings in Informatics ({LIPIcs})},
	shorttitle = {{SZX}-calculus},
	pages = {55:1--55:15},
	booktitle = {44th International Symposium on Mathematical Foundations of Computer Science ({MFCS} 2019)},
	publisher = {Schloss Dagstuhl–Leibniz-Zentrum für Informatik},
	author = {Carette, Titouan and Horsman, Dominic and Perdrix, Simon},
	date = {2019},
	keywords = {Quantum Physics},
}

@unpublished{carette_note_2020,
	title = {A note on diagonal gates in {SZX}-calculus},
	url = {http://arxiv.org/abs/2012.09540},
	author = {Carette, Titouan},
	urldate = {2021-03-31},
	date = {2020-12-17},
	langid = {english},
	eprinttype = {arxiv},
	eprint = {2012.09540},
	keywords = {Quantum Physics},
}

@article{carette2022large-scale_2022,
  title={Large-scale quantum diagrammatic reasoning tools,!-boxes vs. scalable notations},
  author={Carette, Titouan and Lemonnier, Louis},
  journal={arXiv preprint arXiv:2204.11702},
  year={2022}
}

@inproceedings{clement_lov-calculus_2022,
	location = {Dagstuhl, Germany},
	title = {{LOv}-Calculus: A Graphical Language for Linear Optical Quantum Circuits},
	volume = {241},
	isbn = {978-3-95977-256-3},
	url = {https://drops.dagstuhl.de/opus/volltexte/2022/16833},
	doi = {10.4230/LIPIcs.MFCS.2022.35},
	series = {Leibniz International Proceedings in Informatics ({LIPIcs})},
	shorttitle = {{LO}{\textbackslash}underlinev-Calculus},
	pages = {35:1--35:16},
	booktitle = {47th International Symposium on Mathematical Foundations of Computer Science ({MFCS} 2022)},
	publisher = {Schloss Dagstuhl – Leibniz-Zentrum für Informatik},
	author = {Clément, Alexandre and Heurtel, Nicolas and Mansfield, Shane and Perdrix, Simon and Valiron, Benoît},
	editor = {Szeider, Stefan and Ganian, Robert and Silva, Alexandra},
	urldate = {2023-07-26},
	date = {2022},
	note = {{ISSN}: 1868-8969},
	keywords = {Completeness, Quantum Computing, Graphical Language, Linear Optical Circuits, Linear Optical Quantum Computing},
}

@article{fabre_modes_2020,
	title = {Modes and states in Quantum Optics},
	volume = {92},
	issn = {0034-6861, 1539-0756},
	url = {http://arxiv.org/abs/1912.09321},
	doi = {10.1103/RevModPhys.92.035005},
	pages = {035005},
	number = {3},
	journaltitle = {Reviews of Modern Physics},
	shortjournal = {Rev. Mod. Phys.},
	author = {Fabre, Claude and Treps, Nicolas},
	urldate = {2021-06-26},
	date = {2020-09-10},
	eprinttype = {arxiv},
	eprint = {1912.09321},
	keywords = {Quantum Physics},
}


@article{Fritz2020,
  title = {A synthetic approach to Markov kernels,  conditional independence and theorems on sufficient statistics},
  volume = {370},
  ISSN = {0001-8708},
  url = {http://dx.doi.org/10.1016/j.aim.2020.107239},
  DOI = {10.1016/j.aim.2020.107239},
  journal = {Advances in Mathematics},
  publisher = {Elsevier BV},
  author = {Fritz,  Tobias},
  year = {2020},
  month = aug,
  pages = {107239}
}


@article{ferraro_gaussian_2005,
	title = {{G}aussian states in continuous variable quantum information},
	url = {http://arxiv.org/abs/quant-ph/0503237},
	journaltitle = {{arXiv}:quant-ph/0503237},
	author = {Ferraro, Alessandro and Olivares, Stefano and Paris, Matteo G. A.},
	urldate = {2018-06-19},
	date = {2005-03-31},
	eprinttype = {arxiv},
	eprint = {quant-ph/0503237},
	keywords = {Quantum Physics, qpd},
}

@article{weedbrook_gaussian_2012,
	title = {{G}aussian Quantum Information},
	volume = {84},
	issn = {0034-6861, 1539-0756},
	url = {http://arxiv.org/abs/1110.3234},
	doi = {10.1103/RevModPhys.84.621},
	pages = {621--669},
	number = {2},
	journaltitle = {Reviews of Modern Physics},
	author = {Weedbrook, Christian and Pirandola, Stefano and Garcia-Patron, Raul and Cerf, Nicolas J. and Ralph, Timothy C. and Shapiro, Jeffrey H. and Lloyd, Seth},
	urldate = {2018-04-14},
	date = {2012-05-01},
	eprinttype = {arxiv},
	eprint = {1110.3234},
	keywords = {Quantum Physics, cv, qpd, review},
}

@inproceedings{booth_complete_2022,
	location = {Dagstuhl, Germany},
	title = {Complete {ZX}-Calculi for the Stabiliser Fragment in Odd Prime Dimensions},
	volume = {241},
	isbn = {978-3-95977-256-3},
	url = {https://drops.dagstuhl.de/opus/volltexte/2022/16822},
	doi = {10.4230/LIPIcs.MFCS.2022.24},
	series = {Leibniz International Proceedings in Informatics ({LIPIcs})},
	pages = {24:1--24:15},
	booktitle = {47th International Symposium on Mathematical Foundations of Computer Science ({MFCS} 2022)},
	publisher = {Schloss Dagstuhl – Leibniz-Zentrum für Informatik},
	author = {Booth, Robert I. and Carette, Titouan},
	editor = {Szeider, Stefan and Ganian, Robert and Silva, Alexandra},
	urldate = {2022-08-22},
	date = {2022},
	note = {{ISSN}: 1868-8969},
	keywords = {qudits, {ZX}-calculus, completeness, quantum, stabiliser},
}

@unpublished{booth_complete_2023,
	title = {A complete equational theory for {G}aussian quantum mechanics with infinite squeezing},
	author = {Booth, Robert I. and Carette, Titouan and Comfort, Cole},
	date = {2024},
}

@article{gottesman_fault-tolerant_1999,
	title = {Fault-Tolerant Quantum Computation with Higher-Dimensional Systems},
	volume = {10},
	issn = {09600779},
	url = {http://arxiv.org/abs/quant-ph/9802007},
	doi = {10.1016/S0960-0779(98)00218-5},
	pages = {1749--1758},
	number = {10},
	journaltitle = {Chaos, Solitons \& Fractals},
	shortjournal = {Chaos, Solitons \& Fractals},
	author = {Gottesman, Daniel},
	urldate = {2020-05-20},
	date = {1999-09},
	eprinttype = {arxiv},
	eprint = {quant-ph/9802007},
	keywords = {Quantum Physics},
}

@article{zhou_quantum_2003,
	title = {Quantum computation based on d-level cluster states},
	volume = {68},
	issn = {1050-2947, 1094-1622},
	url = {http://arxiv.org/abs/quant-ph/0304054},
	doi = {10.1103/PhysRevA.68.062303},
	pages = {062303},
	number = {6},
	journaltitle = {Physical Review A},
	shortjournal = {Phys. Rev. A},
	author = {Zhou, D. L. and Zeng, B. and Xu, Z. and Sun, C. P.},
	urldate = {2020-05-19},
	date = {2003-12-02},
	langid = {english},
	eprinttype = {arxiv},
	eprint = {quant-ph/0304054},
	keywords = {Quantum Physics},
}

@article{brell_generalized_2015,
	title = {Generalized Cluster States Based on Finite Groups},
	volume = {17},
	issn = {1367-2630},
	url = {http://arxiv.org/abs/1408.6237},
	doi = {10.1088/1367-2630/17/2/023029},
	pages = {023029},
	number = {2},
	journaltitle = {New Journal of Physics},
	shortjournal = {New J. Phys.},
	author = {Brell, Courtney G.},
	urldate = {2020-05-19},
	date = {2015-02-10},
	langid = {english},
	eprinttype = {arxiv},
	eprint = {1408.6237},
	keywords = {Quantum Physics},
}

@article{reimer_high-dimensional_2019,
	title = {High-dimensional one-way quantum processing implemented on d-level cluster states},
	volume = {15},
	rights = {2018 The Author(s), under exclusive licence to Springer Nature Limited},
	issn = {1745-2481},
	url = {https://www.nature.com/articles/s41567-018-0347-x},
	doi = {10.1038/s41567-018-0347-x},
	pages = {148--153},
	number = {2},
	journaltitle = {Nature Physics},
	shortjournal = {Nature Phys},
	author = {Reimer, Christian and Sciara, Stefania and Roztocki, Piotr and Islam, Mehedi and Cortés, Luis Romero and Zhang, Yanbing and Fischer, Bennet and Loranger, Sébastien and Kashyap, Raman and Cino, Alfonso and Chu, Sai T. and Little, Brent E. and Moss, David J. and Caspani, Lucia and Munro, William J. and Azaña, José and Kues, Michael and Morandotti, Roberto},
	urldate = {2020-05-19},
	date = {2019-02},
	langid = {english},
	note = {Number: 2
Publisher: Nature Publishing Group},
}

@article{keet_quantum_2010,
	title = {Quantum secret sharing with qudit graph states},
	volume = {82},
	issn = {1050-2947, 1094-1622},
	url = {http://arxiv.org/abs/1004.4619},
	doi = {10.1103/PhysRevA.82.062315},
	pages = {062315},
	number = {6},
	journaltitle = {Physical Review A},
	shortjournal = {Phys. Rev. A},
	author = {Keet, Adrian and Fortescue, Ben and Markham, Damian and Sanders, Barry C.},
	urldate = {2021-03-25},
	date = {2010-12-14},
	langid = {english},
	eprinttype = {arxiv},
	eprint = {1004.4619},
	keywords = {Quantum Physics},
}

@article{joo_logical_2019,
	title = {Logical measurement-based quantum computation in circuit-{QED}},
	volume = {9},
	rights = {2019 The Author(s)},
	issn = {2045-2322},
	url = {https://www.nature.com/articles/s41598-019-52866-3},
	doi = {10.1038/s41598-019-52866-3},
	pages = {16592},
	number = {1},
	journaltitle = {Scientific Reports},
	shortjournal = {Sci Rep},
	author = {Joo, Jaewoo and Lee, Chang-Woo and Kono, Shingo and Kim, Jaewan},
	urldate = {2022-06-13},
	date = {2019-11-12},
	langid = {english},
	note = {Number: 1
Publisher: Nature Publishing Group},
	keywords = {Quantum information, Qubits},
}

@article{proctor_ancilla-driven_2017,
	title = {Ancilla-driven quantum computation for qudits and continuous variables},
	volume = {95},
	issn = {2469-9926, 2469-9934},
	url = {http://link.aps.org/doi/10.1103/PhysRevA.95.052317},
	doi = {10.1103/PhysRevA.95.052317},
	pages = {052317},
	number = {5},
	journaltitle = {Physical Review A},
	shortjournal = {Phys. Rev. A},
	author = {Proctor, Timothy and Giulian, Melissa and Korolkova, Natalia and Andersson, Erika and Kendon, Viv},
	urldate = {2022-06-13},
	date = {2017-05-10},
	langid = {english},
}


@ARTICLE{Willems,
  author={Willems, Jan C.},
  journal={IEEE Transactions on Automatic Control}, 
  title={Open Stochastic Systems}, 
  year={2013},
  volume={58},
  number={2},
  pages={406-421},
  doi={10.1109/TAC.2012.2210836}}
  
  
@article{hall_cluster_2007,
	title = {Cluster state quantum computation for many-level systems},
	doi = {10.26421/QIC7.3-2},
	journaltitle = {Quantum Inf. Comput.},
	author = {Hall, William},
	date = {2007},
}

@article{booth_outcome_2023,
	title = {Outcome determinism in measurement-based quantum computation with qudits},
	volume = {56},
	issn = {1751-8121},
	url = {https://dx.doi.org/10.1088/1751-8121/acbace},
	doi = {10.1088/1751-8121/acbace},
	pages = {115303},
	number = {11},
	journaltitle = {Journal of Physics A: Mathematical and Theoretical},
	shortjournal = {J. Phys. A: Math. Theor.},
	author = {Booth, Robert I. and Kissinger, Aleks and Markham, Damian and Meignant, Clément and Perdrix, Simon},
	urldate = {2023-04-06},
	date = {2023-02},
	langid = {english},
	note = {Publisher: {IOP} Publishing},
}

@article{marin_access_2013,
	title = {Access Structure in Graphs in High Dimension and Application to Secret Sharing},
	url = {http://drops.dagstuhl.de/opus/volltexte/2013/4330/},
	doi = {10.4230/LIPICS.TQC.2013.308},
	pages = {17 pages},
	author = {Marin, Anne and Markham, Damian and Perdrix, Simon},
	editora = {Herbstritt, Marc},
	editoratype = {collaborator},
	urldate = {2020-06-18},
	date = {2013},
	langid = {english},
	note = {Artwork Size: 17 pages
Medium: application/pdf
Publisher: Schloss Dagstuhl - Leibniz-Zentrum fuer Informatik {GmbH}, Wadern/Saarbruecken, Germany},
	keywords = {000 Computer science, knowledge, general works, Computer Science},
}

@article{looi_quantum_2008,
	title = {Quantum Error Correcting Codes Using Qudit Graph States},
	volume = {78},
	issn = {1050-2947, 1094-1622},
	url = {http://arxiv.org/abs/0712.1979},
	doi = {10.1103/PhysRevA.78.042303},
	pages = {042303},
	number = {4},
	journaltitle = {Physical Review A},
	shortjournal = {Phys. Rev. A},
	author = {Looi, Shiang Yong and Yu, Li and Gheorghiu, Vlad and Griffiths, Robert B.},
	urldate = {2023-11-30},
	date = {2008-10-07},
	eprinttype = {arxiv},
	eprint = {0712.1979 [quant-ph]},
	keywords = {Quantum Physics},
}

@incollection{hein_entanglement_2006,
	title = {Entanglement in Graph States and its Applications},
	url = {http://arxiv.org/abs/quant-ph/0602096},
	pages = {115--218},
	booktitle = {Quantum Computers, Algorithms and Chaos},
	publisher = {{IOS} Press},
	author = {Hein, M. and Dür, W. and Eisert, J. and Raussendorf, R. and Nest, M. Van den and Briegel, H.-J.},
	urldate = {2023-11-30},
	date = {2006},
	eprinttype = {arxiv},
	eprint = {quant-ph/0602096},
	keywords = {Condensed Matter - Other Condensed Matter, Quantum Physics},
}

@article{backens_zx-calculus_2014,
	title = {The {ZX}-calculus is complete for stabilizer quantum mechanics},
	volume = {16},
	issn = {1367-2630},
	url = {http://arxiv.org/abs/1307.7025},
	doi = {10.1088/1367-2630/16/9/093021},
	pages = {093021},
	number = {9},
	journaltitle = {New Journal of Physics},
	shortjournal = {New J. Phys.},
	author = {Backens, Miriam},
	urldate = {2021-08-06},
	date = {2014-09-17},
	langid = {english},
	eprinttype = {arxiv},
	eprint = {1307.7025},
	keywords = {Quantum Physics},
}

@article{mcelvanney_complete_2022,
  title = {Complete Flow-Preserving Rewrite Rules for {MBQC} Patterns with {P}auli Measurements},
  volume = {394},
  ISSN = {2075-2180},
  DOI = {10.4204/eptcs.394.5},
  journal = {Electronic Proceedings in Theoretical Computer Science},
  publisher = {Open Publishing Association},
  author = {McElvanney,  Tommy and Backens,  Miriam},
  year = {2023},
  month = nov,
  pages = {66–82}
}

@article{amy_polynomial-time_2014,
	title = {Polynomial-time {T}-depth Optimization of {C}lifford+{T} circuits via Matroid Partitioning},
	volume = {33},
	issn = {0278-0070, 1937-4151},
	url = {http://arxiv.org/abs/1303.2042},
	doi = {10.1109/TCAD.2014.2341953},
	pages = {1476--1489},
	number = {10},
	journaltitle = {{IEEE} Transactions on Computer-Aided Design of Integrated Circuits and Systems},
	shortjournal = {{IEEE} Trans. Comput.-Aided Des. Integr. Circuits Syst.},
	author = {Amy, Matthew and Maslov, Dmitri and Mosca, Michele},
	urldate = {2023-12-06},
	date = {2014-10},
	eprinttype = {arxiv},
	eprint = {1303.2042 [quant-ph]},
	keywords = {Computer Science - Emerging Technologies, Quantum Physics},
}

@article{hu_improved_2022,
	title = {Improved Graph Formalism for Quantum Circuit Simulation},
	volume = {105},
	issn = {2469-9926, 2469-9934},
	url = {http://arxiv.org/abs/2109.10210},
	doi = {10.1103/PhysRevA.105.022432},
	pages = {022432},
	number = {2},
	journaltitle = {Physical Review A},
	shortjournal = {Phys. Rev. A},
	author = {Hu, Alexander Tianlin and Khesin, Andrey Boris},
	urldate = {2023-12-06},
	date = {2022-02-22},
	eprinttype = {arxiv},
	eprint = {2109.10210 [quant-ph]},
	keywords = {Quantum Physics},
}

@misc{cockett_categories_2022,
	title = {Categories of {K}irchhoff relations},
	doi = {10.48550/arXiv.2205.05870},
	number = {{arXiv}:2205.05870},
	publisher = {{arXiv}},
	author = {Cockett, J. R. B. and Kalra, Amolak Ratan and Prakash, Shiroman},
	urldate = {2022-09-12},
	date = {2022-07-07},
	eprinttype = {arxiv},
	eprint = {2205.05870 [quant-ph]},
	note = {Number: {arXiv}:2205.05870},
	keywords = {Quantum Physics},
}

@article{clark_valence_2006,
	title = {Valence bond solid formalism for d-level one-way quantum computation},
	volume = {39},
	issn = {0305-4470, 1361-6447},
	url = {http://arxiv.org/abs/quant-ph/0512155},
	doi = {10.1088/0305-4470/39/11/010},
	pages = {2701--2721},
	number = {11},
	journaltitle = {Journal of Physics A: Mathematical and General},
	shortjournal = {J. Phys. A: Math. Gen.},
	author = {Clark, Sean},
	urldate = {2021-09-16},
	date = {2006-03-17},
	eprinttype = {arxiv},
	eprint = {quant-ph/0512155},
	keywords = {Quantum Physics},
}

@article{statonhuot,
  title = {Universal Properties in Quantum Theory},
  volume = {287},
  ISSN = {2075-2180},
  DOI = {10.4204/eptcs.287.12},
  journal = {Electronic Proceedings in Theoretical Computer Science},
  publisher = {Open Publishing Association},
  author = {Huot,  Mathieu and Staton,  Sam},
  year = {2019},
  month = jan,
  pages = {213–223}
}

@article{discard,
  title = {Completeness of Graphical Languages for Mixed State Quantum Mechanics},
  volume = {2},
  ISSN = {2643-6817},
  url = {https://arxiv.org/abs/1902.07143},
  DOI = {10.1145/3464693},
  number = {4},
  journal = {ACM Transactions on Quantum Computing},
  publisher = {Association for Computing Machinery (ACM)},
  author = {Carette,  Titouan and Jeandel,  Emmanuel and Perdrix,  Simon and Vilmart,  Renaud},
  year = {2021},
  month = dec,
  pages = {1–28}
}


@article{network,
  title={Props in network theory},
  author={Baez, John C. and Coya, Brandon and Rebro, Franciscus},
  journal={Theory and Applications of Categories},
  volume={33},
  number={25},
  pages={727--783},
  url={http://www.tac.mta.ca/tac/volumes/33/25/33-25.pdf},
  year={2018}
}

@article{control,
  title={Categories in control},
  author={Baez, John C. and Erbele, Jason},
  journal={Theory and Applications of Categories},
  volume={30},
  number={24},
  year={2015},
  url={http://www.tac.mta.ca/tac/volumes/30/24/30-24.pdf},
  pages={836--881}
}

@article{passive,
  title={A compositional framework for passive linear networks},
  author={Baez, John C. and Fong, Brendan},
  journal={Theory and Applications of Categories},
  pages={pp 1158-1222},
  url={http://www.tac.mta.ca/tac/volumes/33/38/33-38.pdf},
  volume={33},
  number={38},
  year={2018}
}


@inproceedings{amolakresistors,
Author = {J.R.B. Cockett and Amolak Ratan Kalra and Priyaa Varshinee Srinivasan},
  Title = {Normalizing Resistor Networks},
  dot={10.4204/EPTCS.397.5},
  eventtitle = {Applied Category Theory 2023},
  publisher = {{EPTCS}},
  Year = {2023},
  pages={70--83},
  volume={397},
  url  =  {https://arxiv.org/pdf/2303.11839.pdf}
}


@article{gla,
  title={Interacting {H}opf algebras},
  author={Bonchi, Filippo and Soboci{\'n}ski, Pawe{\l} and Zanasi, Fabio},
  journal={Journal of Pure and Applied Algebra},
  volume={221},
  number={1},
  doi={10.1016/j.jpaa.2016.06.002},
  url={https://arxiv.org/pdf/1403.7048.pdf},
  pages={144--184},
  year={2017},
  publisher={Elsevier}
}


@inproceedings{gaa,
  title={Graphical affine algebra},
  author={Bonchi, Filippo and Piedeleu, Robin and Soboci{\'n}ski, Pawe{\l} and Zanasi, Fabio},
  booktitle={2019 34th Annual ACM/IEEE Symposium on Logic in Computer Science (LICS)},
  pages={1--12},
  year={2019},
  doi={10.1109/LICS.2019.8785877},
  url={http://www.zanasi.com/fabio/files/paperLICS19.pdf},
  organization={IEEE}
}



@misc{wilson,
  title={String diagrams for non-strict monoidal categories},
  author={Wilson, Paul and Ghica, Dan and Zanasi, Fabio},
  year={2022},
  url={https://arxiv.org/pdf/2201.11738.pdf}
}


@article{cockett,
  doi = {10.1016/0022-4049(95)00160-3},
  url = {https://www.math.mcgill.ca/rags/linear/wdc-fix.pdf},
  year = {1997},
  month = jan,
  publisher = {Elsevier {BV}},
  volume = {114},
  number = {2},
  pages = {133--173},
  author = {J.R.B. Cockett and R.A.G. Seely},
  title = {Weakly distributive categories},
  journal = {Journal of Pure and Applied Algebra}
}

@misc{wetering,
Author = {John van de Wetering},
Title = {{ZX}-calculus for the working quantum computer scientist},
Year = {2020},
url = {https://arxiv.org/pdf/2012.13966.pdf},
}


@incollection{dpla,
  doi = {10.1007/978-3-030-99253-8_6},
  url = {https://arxiv.org/pdf/2111.03956.pdf},
  year = {2022},
  publisher = {Springer International Publishing},
  pages = {101--119},
  author = {Guillaume Boisseau and Robin Piedeleu},
  title = {Graphical Piecewise-Linear Algebra},
  booktitle = {Lecture Notes in Computer Science}
}



@inproceedings{dpa,
  author    = {Filippo Bonchi and
               Alessandro Di Giorgio and
               Pawe{\l} Soboci{\'n}ski},
  editor    = {Mikolaj Bojanczyk and
               Chandra Chekuri},
  title     = {Diagrammatic Polyhedral Algebra},
  booktitle = {41st {IARCS} Annual Conference on Foundations of Software Technology
               and Theoretical Computer Science, {FSTTCS} 2021, December 15-17, 2021,
               Virtual Conference},
  series    = {LIPIcs},
  volume    = {213},
  pages     = {40:1--40:18},
  publisher = {Schloss Dagstuhl - Leibniz-Zentrum f{\"{u}}r Informatik},
  year      = {2021},
  doi       = {10.4230/LIPIcs.FSTTCS.2021.40},
}


@inproceedings{zxa,
 author    = {Comfort, Cole},
  year      = {2021},
  title     = {The {ZX\&}-calculus: A complete graphical calculus for classical circuits using spiders},
  editor    = {Valiron, Beno\^it and Mansfield, Shane and Arrighi, Pablo and Panangaden, Prakash},
  booktitle = {{\rm Proceedings 17th International Conference on}
               Quantum Physics and Logic,
               {\rm Paris, France, June 2 - 6, 2020}},
  series    = {Electronic Proceedings in Theoretical Computer Science},
  volume    = {340},
  publisher = {Open Publishing Association},
  pages     = {60-90},
  doi       = {10.4204/EPTCS.340.4},
}



@book{ohm,
  doi = {10.5479/sil.354716.39088005838644},
  year = {1827},
  publisher = {Bei T.H. Riemann},
  author = {Georg Simon Ohm},
  title = {Die galvanische Kette}
}



@article{Kirchhoff1845,
  title = {Ueber den Durchgang eines elektrischen Stromes durch eine Ebene,  insbesondere durch eine kreisf\"{o}rmige},
  volume = {140},
  ISSN = {1521-3889},
  DOI = {10.1002/andp.18451400402},
  number = {4},
  journal = {Annalen der Physik},
  publisher = {Wiley},
  author = {Kirchhoff,  {Student of}},
  year = {1845},
  month = jan,
  pages = {497–514}
}




@phdthesis{bondgraph,
  title={Bond Graph Modelling of Physical Systems},
  author={Smith, Lorcan Stuart Peter Stillwell },
  year={1993},
  school={University of Glasgow},
  url={https://theses.gla.ac.uk/74811/1/11007730.pdf}
}


@misc{thetable,
 title={Network Theory (Part 29)},
 author={Baez, John C.},
 year={2013},
 url={https://johncarlosbaez.wordpress.com/2013/04/23/network-theory-part-29/},
}


@article{guillemin_problems_1979,
	title = {Some Problems in Integral Geometry and Some Related Problems in Micro-Local Analysis},
	volume = {101},
	issn = {00029327},
	doi = {10.2307/2373923},
	pages = {915},
	number = {4},
	journaltitle = {American Journal of Mathematics},
	shortjournal = {American Journal of Mathematics},
	author = {Guillemin, Victor and Sternberg, Shlomo},
	urldate = {2023-05-03},
	date = {1979-08},
}


@inproceedings{gaussrel,
  doi = {10.4230/LIPICS.CALCO.2023.13},
  url = {https://drops.dagstuhl.de/entities/document/10.4230/LIPIcs.CALCO.2023.13},
  author = {Stein,  Dario and Samuelson,  Richard},
  language = {en},
  title = {A Category for Unifying Gaussian Probability and Nondeterminism},
  publisher = {Schloss Dagstuhl – Leibniz-Zentrum f\"{u}r Informatik},
  year = {2023},
  copyright = {Creative Commons Attribution 4.0 International license}
}

@misc{weinstein_symplectic_2009,
	title = {Symplectic Categories},
	doi = {10.48550/arXiv.0911.4133},
	number = {{arXiv}:0911.4133},
	publisher = {{arXiv}},
	author = {Weinstein, Alan},
	urldate = {2023-05-10},
	date = {2009-11-20},
	eprinttype = {arxiv},
	eprint = {0911.4133 [math]},
	keywords = {Mathematics - Category Theory, Mathematics - Symplectic Geometry, 53D12, 81S10},
}


@phdthesis{gottesman,
Author = {Daniel Gottesman},
school = {California Institute of Technology},
Title = {Stabilizer Codes and Quantum Error Correction},
Year = {1997},
url={https://arxiv.org/pdf/quant-ph/9705052.pdf}
}


@book{maclane,
  title = {Categories for the Working Mathematician},
  ISBN = {9781461298397},
  ISSN = {0072-5285},
  DOI = {10.1007/978-1-4612-9839-7},
  journal = {Graduate Texts in Mathematics},
  publisher = {Springer New York},
  author = {Lane,  Saunders Mac},
  url={http://www.mtm.ufsc.br/~ebatista/2016-2/maclanecat.pdf},
  year = {1971}
}

@article{Boisseau2022,
  title = {String Diagrammatic Electrical Circuit Theory},
  volume = {372},
  ISSN = {2075-2180},
  DOI = {10.4204/eptcs.372.13},
  journal = {Electronic Proceedings in Theoretical Computer Science},
  publisher = {Open Publishing Association},
  author = {Boisseau,  Guillaume and Soboci{\'n}ski, Pawe{\l}},
  year = {2022},
  month = nov,
  pages = {178–191}
}


@phdthesis{carettethesis,
  TITLE = {{Wielding the {ZX}-calculus, Flexsymmetry, Mixed States, and Scalable Notations}},
  AUTHOR = {Carette, Titouan},
  URL = {https://hal.science/tel-03468027},
  NUMBER = {2021LORR0200},
  SCHOOL = {{Universit{\'e} de Lorraine}},
  YEAR = {2021},
  MONTH = Nov,
  HAL_ID = {tel-03468027},
  HAL_VERSION = {v1},
}


@article{zh,
  doi = {10.4204/eptcs.287.2},
  year = {2019},
  month = jan,
  publisher = {Open Publishing Association},
  volume = {287},
  pages = {23--42},
  author = {Miriam Backens and Aleks Kissinger},
  title = {{ZH}: A Complete Graphical Calculus for Quantum Computations Involving Classical Non-linearity},
  journal = {Electronic Proceedings in Theoretical Computer Science}
}


@article{zx,
doi = {10.1088/1367-2630/13/4/043016},
  year = {2011},
  month = apr,
  publisher = {{IOP} Publishing},
  volume = {13},
  number = {4},
  pages = {043016},
  author = {Bob Coecke and Ross Duncan},
  title = {Interacting quantum observables: categorical algebra and diagrammatics},
  journal = {New Journal of Physics}
}



@Inproceedings{qutrit,
  author    = {Wang, Quanlong},
  year      = {2018},
  title     = {Qutrit {ZX}-calculus is Complete for Stabilizer Quantum Mechanics},
  editor    = {Coecke, Bob and Kissinger, Aleks},
  booktitle = {{\rm Proceedings 14th International Conference on}
               Quantum Physics and Logic,
               {\rm Nijmegen, The Netherlands, 3-7 July 2017}},
  series    = {Electronic Proceedings in Theoretical Computer Science},
  volume    = {266},
  publisher = {Open Publishing Association},
  pages     = {58-70},
  doi       = {10.4204/EPTCS.266.3},
}


@article{zxcompletea,
  title = {{Completeness of the {ZX}-Calculus}},
  author = {Emmanuel Jeandel and Simon Perdrix and Renaud Vilmart},
  doi = {10.23638/LMCS-16(2:11)2020},
  journal = {{Logical Methods in Computer Science}},
  volume = {{Volume 16, Issue 2}},
  year = {2020},
  month = Jun,
  keywords = {Quantum Physics ; Computer Science - Logic in Computer Science},
}

@misc{zxcompleteb,
  url = {https://arxiv.org/pdf/1706.09877.pdf},
  author = {Ng,  Kang Feng and Wang,  Quanlong},
  title = {A universal completion of the {ZX}-calculus},
  publisher = {arXiv},
  year = {2017},
  copyright = {arXiv.org perpetual,  non-exclusive license}
}


@INPROCEEDINGS {zw,
  author = {Amar Hadzihasanovic},
  booktitle = {2015 30th Annual ACM/IEEE Symposium on Logic in Computer Science (LICS)},
  title = {A Diagrammatic Axiomatisation for Qubit Entanglement},
  year = {2015},
  volume = {},
  issn = {1043-6871},
  pages = {573-584},
  doi = {10.1109/LICS.2015.59},
  url = {https://arxiv.org/pdf/1501.07082.pdf},
  publisher = {IEEE Computer Society},
  address = {Los Alamitos, CA, USA},
  month = {jul}
}

@article{spekzx,
  title = {A Complete Graphical Calculus for {S}pekkens’ Toy Bit Theory},
  volume = {46},
  ISSN = {1572-9516},
  url = {https://arxiv.org/abs/1411.1618},
  DOI = {10.1007/s10701-015-9957-7},
  number = {1},
  journal = {Foundations of Physics},
  publisher = {Springer Science and Business Media LLC},
  author = {Backens,  Miriam and Duman,  Ali Nabi},
  year = {2015},
  month = oct,
  pages = {70–103}
}

@article{MPI,
  title = {{M}oore-{P}enrose Dagger Categories},
  volume = {384},
  ISSN = {2075-2180},
  url = {http://dx.doi.org/10.4204/EPTCS.384.10},
  DOI = {10.4204/eptcs.384.10},
  journal = {Electronic Proceedings in Theoretical Computer Science},
  publisher = {Open Publishing Association},
  author = {Cockett,  J.R.B and Lemay,  Jean-Simon Pacaud},
  year = {2023},
  month = aug,
  pages = {171–186}
}

@BOOK{Pozar,
  title     = "Microwave Engineering",
  author    = "Pozar, David M",
  publisher = "John Wiley \& Sons",
  edition   =  4,
  month     =  nov,
  year      =  2011,
  address   = "Chichester, England",
  language  = "en"
}

@article{bahramgiri_graph_2007,
	title = {Graph States Under the Action of Local {C}lifford Group in Non-Binary Case},
	url = {http://arxiv.org/abs/quant-ph/0610267},
	journaltitle = {{arXiv}:quant-ph/0610267},
	author = {Bahramgiri, Mohsen and Beigi, Salman},
	urldate = {2020-12-13},
	date = {2007-06-29},
	langid = {english},
	eprinttype = {arxiv},
	eprint = {quant-ph/0610267},
	keywords = {Quantum Physics},
}

@article{bahramgiri_efficient_2007,
	title = {An Efficient Algorithm to Recognize Locally Equivalent Graphs in Non-Binary Case},
	url = {http://arxiv.org/abs/cs/0702057},
	journaltitle = {{arXiv}:cs/0702057},
	author = {Bahramgiri, Mohsen and Beigi, Salman},
	urldate = {2021-05-06},
	date = {2007-07-01},
	langid = {english},
	eprinttype = {arxiv},
	eprint = {cs/0702057},
	keywords = {Computer Science - Data Structures and Algorithms},
}


@article{van_den_nest_graphical_2004,
	title = {Graphical description of the action of local {C}lifford transformations on graph states},
	volume = {69},
	url = {https://arxiv.org/pdf/quant-ph/0308151.pdf},
	doi = {10.1103/PhysRevA.69.022316},
	pages = {022316},
	number = {2},
	journaltitle = {Physical Review A},
	shortjournal = {Phys. Rev. A},
	author = {Van den Nest, Maarten and Dehaene, Jeroen and De Moor, Bart},
	urldate = {2024-01-10},
	date = {2004-02-24},
	note = {Publisher: American Physical Society},
}


@incollection{benenti_linear_1983,
	location = {Boston},
	title = {Linear Symplectic Relations},
	booktitle = {Symplectic Geometry},
	publisher = {Pitman},
	author = {Benenti, Sergio},
	editor = {Crumeyrolle, Albert and Griffone, J.},
	date = {1983},
}

@article{lawruk_special_1975,
	title = {Special symplectic spaces},
	volume = {17},
	issn = {00220396},
	url = {https://linkinghub.elsevier.com/retrieve/pii/0022039675900571},
	doi = {10.1016/0022-0396(75)90057-1},
	pages = {477--497},
	number = {2},
	journaltitle = {Journal of Differential Equations},
	shortjournal = {Journal of Differential Equations},
	author = {Lawruk, B and Śniatycki, J and Tulczyjew, W.M},
	urldate = {2023-05-10},
	date = {1975-03},
	langid = {english},
}

@article{tulczyjew_category_1984,
	title = {The category of {F}resnel kernels},
	volume = {1},
	issn = {0393-0440},
	url = {https://www.sciencedirect.com/science/article/pii/0393044084900214},
	doi = {10.1016/0393-0440(84)90021-4},
	pages = {79--120},
	number = {3},
	journaltitle = {Journal of Geometry and Physics},
	shortjournal = {Journal of Geometry and Physics},
	author = {Tulczyjew, W. M. and Zakrzewski, S.},
	urldate = {2023-05-10},
	date = {1984-01-01},
	langid = {english},
	keywords = {Fresnel Kernels, Morse Families, Symplectic Relations},
}

@inproceedings{dold_symplectic_1982,
	location = {Berlin, Heidelberg},
	title = {The symplectic ``category''},
	volume = {905},
	isbn = {978-3-540-11197-9 978-3-540-39002-2},
	url = {http://link.springer.com/10.1007/BFb0092426},
	doi = {10.1007/BFb0092426},
	pages = {45--51},
	publisher = {Springer Berlin Heidelberg},
	author = {Weinstein, Alan},
	editor = {Doebner, Heinz-Dietrich and Andersson, Stig I. and Petry, Herbert Rainer},
	editorb = {Dold, A. and Eckmann, B.},
	editorbtype = {redactor},
	urldate = {2023-05-10},
	date = {1982},
	doi = {10.1007/BFb0092426},
	note = {Book Title: Differential Geometric Methods in Mathematical Physics
Series Title: Lecture Notes in Mathematics},
}

@inproceedings{benenti_category_1982,
	location = {Florence, Italy},
	title = {The category of symplectic reductions},
	eventtitle = {Geometry and Phyiscs},
	booktitle = {Proceedings of the meeting "Geometry and Physics"},
	author = {Benenti, Sergio},
	date = {1982-10},
}

@article{urbanski_structure_1985,
	title = {The structure of positive linear symplectic relations},
	url={https://www.fuw.edu.pl/~urbanski/Skany/StrPosRel.pdf},
	volume = {119},
	journaltitle = {Atti della Accademia delle Scienze di Torino. Classe di Scienze Fisiche, Matematiche e Naturali},
	shortjournal = {Atti della Accademia delle Scienze di Torino. Classe di Scienze Fisiche, Matematiche e Naturali},
	author = {Urbanski, Pawel},
	date = {1985-01-01},
}

@collection{kijowski_symplectic_1979,
	location = {Berlin, Heidelberg},
	title = {A Symplectic Framework for Field Theories},
	volume = {107},
	isbn = {978-3-540-09538-5},
	url = {http://link.springer.com/10.1007/3-540-09538-1},
	series = {Lecture Notes in Physics},
	publisher = {Springer},
	editor = {Kijowski, Jerzy and Tulczyjew, Wlodzimierz M.},
	urldate = {2023-07-04},
	date = {1979},
	langid = {english},
	doi = {10.1007/3-540-09538-1},
	keywords = {dynamics, Feldtheorie, field theory, geometry, mechanics, Mechanik, Symplektische Geometrie},
}

@inproceedings{DBLP:conf/lics/DuncanD16,
	author       = {Ross Duncan and
	Kevin Dunne},
	editor       = {Martin Grohe and
	Eric Koskinen and
	Natarajan Shankar},
	title        = {Interacting {F}robenius Algebras are {H}opf},
	booktitle    = {Proceedings of the 31st Annual {ACM/IEEE} Symposium on Logic in Computer
	Science, {LICS} '16, New York, NY, USA, July 5-8, 2016},
	pages        = {535--544},
	publisher    = {{ACM}},
	year         = {2016},
	url          = {https://doi.org/10.1145/2933575.2934550},
	doi          = {10.1145/2933575.2934550},
	timestamp    = {Wed, 11 Aug 2021 11:51:24 +0200},
	biburl       = {https://dblp.org/rec/conf/lics/DuncanD16.bib},
	bibsource    = {dblp computer science bibliography, https://dblp.org}
}


@article{Elliott2008,
  title = {Graphical description of the action of {C}lifford operators on stabilizer states},
  volume = {77},
  ISSN = {1094-1622},
  url = {https://arxiv.org/pdf/quant-ph/0703278.pdf},
  DOI = {10.1103/physreva.77.042307},
  number = {4},
  journal = {Physical Review A},
  publisher = {American Physical Society (APS)},
  author = {Elliott,  Matthew B. and Eastin,  Bryan and Caves,  Carlton M.},
  year = {2008},
  month = apr 
}


@book{Nielsen2012,
  title = {Quantum Computation and Quantum Information: 10th Anniversary Edition},
  ISBN = {9780511976667},
  url = {http://dx.doi.org/10.1017/CBO9780511976667},
  DOI = {10.1017/cbo9780511976667},
  publisher = {Cambridge University Press},
  author = {Nielsen,  Michael A. and Chuang,  Isaac L.},
  year = {2012},
  month = jun 
}

@article{Cleve1997,
  title = {Efficient computations of encodings for quantum error correction},
  volume = {56},
  ISSN = {1094-1622},
  url = {https://arxiv.org/pdf/quant-ph/9607030.pdf},
  DOI = {10.1103/physreva.56.76},
  number = {1},
  journal = {Physical Review A},
  publisher = {American Physical Society (APS)},
  author = {Cleve,  Richard and Gottesman,  Daniel},
  year = {1997},
  month = jul,
  pages = {76–82}
}



@article{Kissinger2020,
  title = {Reducing the number of non-Clifford gates in quantum circuits},
  volume = {102},
  ISSN = {2469-9934},
  url = {https://arxiv.org/pdf/1903.10477.pdf},
  DOI = {10.1103/physreva.102.022406},
  number = {2},
  journal = {Physical Review A},
  publisher = {American Physical Society (APS)},
  author = {Kissinger,  Aleks and van de Wetering,  John},
  year = {2020},
  month = aug 
}


@article{deBeaudrap2020,
  title = {Techniques to Reduce \(pi/4\)-Parity-Phase Circuits,  Motivated by the {ZX} Calculus},
  volume = {318},
  ISSN = {2075-2180},
  DOI = {10.4204/eptcs.318.9},
  journal = {Electronic Proceedings in Theoretical Computer Science},
  publisher = {Open Publishing Association},
  author = {de Beaudrap,  Niel and Bian,  Xiaoning and Wang,  Quanlong},
  year = {2020},
  month = may,
  pages = {131–149}
}


@article{Lemonnier2021,
  title = {Hypergraph Simplification: Linking the Path-sum Approach to the {ZH}-calculus},
  volume = {340},
  ISSN = {2075-2180},
  url = {http://dx.doi.org/10.4204/EPTCS.340.10},
  DOI = {10.4204/eptcs.340.10},
  journal = {Electronic Proceedings in Theoretical Computer Science},
  publisher = {Open Publishing Association},
  author = {Lemonnier,  Louis and van de Wetering,  John and Kissinger,  Aleks},
  year = {2021},
  month = sep,
  pages = {188–212}
}

@article{Cowtan2020,
  title = {Phase Gadget Synthesis for Shallow Circuits},
  volume = {318},
  ISSN = {2075-2180},
  DOI = {10.4204/eptcs.318.13},
  journal = {Electronic Proceedings in Theoretical Computer Science},
  publisher = {Open Publishing Association},
  author = {Cowtan,  Alexander and Dilkes,  Silas and Duncan,  Ross and Simmons,  Will and Sivarajah,  Seyon},
  year = {2020},
  month = may,
  pages = {213–228}
}


@article{Bonchi2019,
  title = {Diagrammatic algebra: from linear to concurrent systems},
  volume = {3},
  ISSN = {2475-1421},
  url = {https://www.ioc.ee/~pawel/papers/popl19.pdf},
  DOI = {10.1145/3290338},
  number = {POPL},
  journal = {Proceedings of the ACM on Programming Languages},
  publisher = {Association for Computing Machinery (ACM)},
  author = {Bonchi,  Filippo and Holland,  Joshua and Piedeleu,  Robin and Sobociński,  Paweł and Zanasi,  Fabio},
  year = {2019},
  month = jan,
  pages = {1–28}
}

@article{Bonchi2017,
  title = {The Calculus of Signal Flow Diagrams I: Linear relations on streams},
  volume = {252},
  ISSN = {0890-5401},
  url = {https://www.ioc.ee/~pawel/papers/sfg1.pdf},
  DOI = {10.1016/j.ic.2016.03.002},
  journal = {Information and Computation},
  publisher = {Elsevier BV},
  author = {Bonchi,  Filippo and Sobociński,  Paweł and Zanasi,  Fabio},
  year = {2017},
  month = feb,
  pages = {2–29}
}


@inbook{Bonchi2014,
  title = {A Categorical Semantics of Signal Flow Graphs},
  ISBN = {9783662445846},
  ISSN = {1611-3349},
  url = {https://hal.science/hal-02134182/file/sfg.pdf},
  DOI = {10.1007/978-3-662-44584-6_30},
  booktitle = {Lecture Notes in Computer Science},
  publisher = {Springer Berlin Heidelberg},
  author = {Bonchi,  Filippo and Sobociński,  Paweł and Zanasi,  Fabio},
  year = {2014},
  pages = {435–450}
}



@phdthesis{ih,
  title={Interacting {H}opf Algebras: the theory of linear systems},
  author={Zanasi, Fabio},
  school={Universit\'e de Lyon},
  url={https://discovery.ucl.ac.uk/id/eprint/10062538/1/thesis2015%20%281%29.pdf},
  year={2018}
}


@phdthesis{coya,
  title={Circuits, bond graphs, and signal-flow diagrams: A categorical perspective},
  author={Coya, Brandon},
  url={https://arxiv.org/pdf/1805.08290.pdf},
  school={University of California Riverside},
  year={2018}
}

@phdthesis{erbele,
  title={Categories in control: applied {PROP}s},
  author={Jason Michael Erbele},
  url={https://arxiv.org/pdf/1611.07591.pdf},
  school={University of California Riverside},
  year={2016}
}


@article{deFelice2023,
  title = {Light-Matter Interaction in the ZXW Calculus},
  volume = {384},
  ISSN = {2075-2180},
  DOI = {10.4204/eptcs.384.2},
  journal = {Electronic Proceedings in Theoretical Computer Science},
  publisher = {Open Publishing Association},
  author = {de Felice,  Giovanni and Shaikh,  Razin A. and Poór,  Boldizsár and Yeh,  Lia and Wang,  Quanlong and Coecke,  Bob},
  year = {2023},
  month = aug,
  pages = {20–46}
}

@article{deFelice,
  title = {Quantum Linear Optics via String Diagrams},
  volume = {394},
  ISSN = {2075-2180},
  url = {http://dx.doi.org/10.4204/EPTCS.394.6},
  DOI = {10.4204/eptcs.394.6},
  journal = {Electronic Proceedings in Theoretical Computer Science},
  publisher = {Open Publishing Association},
  author = {de Felice,  Giovanni and Coecke,  Bob},
  year = {2023},
  month = nov,
  pages = {83–100}
}


@article{Gogioso2017,
  title = {Infinite-dimensional Categorical Quantum Mechanics},
  volume = {236},
  ISSN = {2075-2180},
  url = {http://dx.doi.org/10.4204/EPTCS.236.4},
  DOI = {10.4204/eptcs.236.4},
  journal = {Electronic Proceedings in Theoretical Computer Science},
  publisher = {Open Publishing Association},
  author = {Gogioso,  Stefano and Genovese,  Fabrizio},
  year = {2017},
  month = jan,
  pages = {51–69}
}

@article{Cockett2021,
  title = {Dagger linear logic for categorical quantum mechanics},
  volume = {Volume 17,  Issue 4},
  ISSN = {1860-5974},
  url = {http://dx.doi.org/10.46298/LMCS-17(4:8)2021},
  DOI = {10.46298/lmcs-17(4:8)2021},
  journal = {Logical Methods in Computer Science},
  publisher = {Centre pour la Communication Scientifique Directe (CCSD)},
  author = {Cockett,  Robin and Comfort,  Cole and Srinivasan,  Priyaa},
  year = {2021},
  month = nov 
}

@article{pyzx,
  title = {PyZX: Large Scale Automated Diagrammatic Reasoning},
  volume = {318},
  ISSN = {2075-2180},
  url = {http://dx.doi.org/10.4204/EPTCS.318.14},
  DOI = {10.4204/eptcs.318.14},
  journal = {Electronic Proceedings in Theoretical Computer Science},
  publisher = {Open Publishing Association},
  author = {Kissinger,  Aleks and van de Wetering,  John},
  year = {2020},
  month = may,
  pages = {229–241}
}

@article{Backens2021,
  title = {There and back again: A circuit extraction tale},
  volume = {5},
  ISSN = {2521-327X},
  url = {http://dx.doi.org/10.22331/q-2021-03-25-421},
  DOI = {10.22331/q-2021-03-25-421},
  journal = {Quantum},
  publisher = {Verein zur Forderung des Open Access Publizierens in den Quantenwissenschaften},
  author = {Backens,  Miriam and Miller-Bakewell,  Hector and de Felice,  Giovanni and Lobski,  Leo and van de Wetering,  John},
  year = {2021},
  month = mar,
  pages = {421}
}

@article{menicucci_graphical_2011,
	title = {Graphical calculus for {Gaussian} pure states},
	volume = {83},
	issn = {1050-2947, 1094-1622},
	url = {http://arxiv.org/abs/1007.0725},
	doi = {10.1103/PhysRevA.83.042335},
	language = {en},
	number = {4},
	urldate = {2019-03-22},
	journal = {Physical Review A},
	author = {Menicucci, Nicolas C. and Flammia, Steven T. and van Loock, Peter},
	month = apr,
	year = {2011},
	note = {arXiv: 1007.0725},
}


@misc{Brask,
Author = {Jonatan Bohr Brask},
url ={https://arxiv.org/abs/2102.05748},
Title = {Gaussian states and operations -- a quick reference},
Year = {2021},
Eprint = {arXiv:2102.05748},
}


@inbook{pqp,
  title = {Picturing Quantum Processes: A First Course on Quantum Theory and Diagrammatic Reasoning},
  ISBN = {9783319913766},
  ISSN = {1611-3349},
  url = {http://dx.doi.org/10.1007/978-3-319-91376-6_6},
  DOI = {10.1007/978-3-319-91376-6_6},
  booktitle = {Lecture Notes in Computer Science},
  publisher = {Springer International Publishing},
  author = {Coecke,  Bob and Kissinger,  Aleks},
  year = {2018},
  pages = {28–31}
}

@BOOK{Heunen2019-ox,
  title     = "Categories for quantum theory",
  author    = "Heunen, Chris and Vicary, Jamie",
  publisher = "Oxford University Press",
  series    = "Oxford Graduate Texts in Mathematics",
  month     =  nov,
  year      =  2019,
  address   = "London, England",
  language  = "en"
}


@InProceedings{Differentiation,
  author =	{Jeandel, Emmanuel and Perdrix, Simon and Veshchezerova, Margarita},
  title =	{{Addition and Differentiation of ZX-Diagrams}},
  booktitle =	{7th International Conference on Formal Structures for Computation and Deduction (FSCD 2022)},
  pages =	{13:1--13:19},
  series =	{Leibniz International Proceedings in Informatics (LIPIcs)},
  ISBN =	{978-3-95977-233-4},
  ISSN =	{1868-8969},
  year =	{2022},
  volume =	{228},
  editor =	{Felty, Amy P.},
  publisher =	{Schloss Dagstuhl -- Leibniz-Zentrum f{\"u}r Informatik},
  address =	{Dagstuhl, Germany},
  URL =		{https://drops.dagstuhl.de/entities/document/10.4230/LIPIcs.FSCD.2022.13},
  URN =		{urn:nbn:de:0030-drops-162946},
  doi =		{10.4230/LIPIcs.FSCD.2022.13},
  annote =	{Keywords: ZX calculus, Addition of ZX diagrams, Diagrammatic differentiation}
}

@article{East2022,
  title = {AKLT-States as ZX-Diagrams: Diagrammatic Reasoning for Quantum States},
  volume = {3},
  ISSN = {2691-3399},
  url = {http://dx.doi.org/10.1103/PRXQuantum.3.010302},
  DOI = {10.1103/prxquantum.3.010302},
  number = {1},
  journal = {PRX Quantum},
  publisher = {American Physical Society (APS)},
  author = {East,  Richard D.P. and van de Wetering,  John and Chancellor,  Nicholas and Grushin,  Adolfo G.},
  year = {2022},
  month = jan 
}

@article{lattice,
  title = {The ZX calculus is a language for surface code lattice surgery},
  volume = {4},
  ISSN = {2521-327X},
  url = {http://dx.doi.org/10.22331/q-2020-01-09-218},
  DOI = {10.22331/q-2020-01-09-218},
  journal = {Quantum},
  publisher = {Verein zur Forderung des Open Access Publizierens in den Quantenwissenschaften},
  author = {de Beaudrap,  Niel and Horsman,  Dominic},
  year = {2020},
  month = jan,
  pages = {218}
}


@article{Toumi2021,
  title = {Diagrammatic Differentiation for Quantum Machine Learning},
  volume = {343},
  ISSN = {2075-2180},
  url = {http://dx.doi.org/10.4204/EPTCS.343.7},
  DOI = {10.4204/eptcs.343.7},
  journal = {Electronic Proceedings in Theoretical Computer Science},
  publisher = {Open Publishing Association},
  author = {Toumi,  Alexis and Yeung,  Richie and de Felice,  Giovanni},
  year = {2021},
  month = sep,
  pages = {132–144}
}


@article{Huang2023,
  title = {Graphical CSS Code Transformation Using ZX Calculus},
  volume = {384},
  ISSN = {2075-2180},
  url = {http://dx.doi.org/10.4204/EPTCS.384.1},
  DOI = {10.4204/eptcs.384.1},
  journal = {Electronic Proceedings in Theoretical Computer Science},
  publisher = {Open Publishing Association},
  author = {Huang,  Jiaxin and Li,  Sarah Meng and Yeh,  Lia and Kissinger,  Aleks and Mosca,  Michele and Vasmer,  Michael},
  year = {2023},
  month = aug,
  pages = {1–19}
}

@inproceedings{schwartz1957theorie,
  title={Th{\'e}orie des distributions {\`a} valeurs vectorielles. I},
  author={Schwartz, Laurent},
  booktitle={Annales de l'institut Fourier},
  volume={7},
  pages={1--141},
  year={1957}
}

@BOOK{Von_Neumann2018-nl,
  title     = "Mathematical foundations of quantum mechanics",
  author    = "Von Neumann, John",
  editor    = "Wheeler, Nicholas A",
  isbn ={978-0-691-17856-1},
  month     =  feb,
  year      =  2018,
  address   = "Princeton, NJ",
  language  = "en"
}
        
@misc{kissinger_finite_2015,
	title = {Finite matrices are complete for (dagger-)hypergraph categories},
	url = {http://arxiv.org/abs/1406.5942},
	doi = {10.48550/arXiv.1406.5942},
	urldate = {2024-02-08},
	publisher = {arXiv},
	author = {Kissinger, Aleks},
	month = aug,
	year = {2015},
	note = {arXiv:1406.5942 [math]},
}

@inproceedings{Coherentcontrol,
  doi = {10.4230/LIPICS.MFCS.2021.22},
  url = {https://drops.dagstuhl.de/entities/document/10.4230/LIPIcs.MFCS.2021.22},
  author = {Branciard,  Cyril and Clément,  Alexandre and Mhalla,  Mehdi and Perdrix,  Simon},
  keywords = {Quantum Computing,  Diagrammatic Language,  Quantum Control,  Polarising Beam Splitter,  Categorical Quantum Mechanics,  Quantum Switch,  Theory of computation → Quantum computation theory,  Theory of computation → Axiomatic semantics,  Theory of computation → Categorical semantics,  Hardware → Quantum computation,  Hardware → Quantum communication and cryptography},
  language = {en},
  title = {Coherent Control and Distinguishability of Quantum Channels via PBS-Diagrams},
  publisher = {Schloss Dagstuhl – Leibniz-Zentrum f\"{u}r Informatik},
  year = {2021},
  copyright = {Creative Commons Attribution 4.0 International license}
}
        

@article{lloyd_quantum_1999,
	title = {Quantum computation over continuous variables},
	volume = {82},
	issn = {0031-9007, 1079-7114},
	url = {http://arxiv.org/abs/quant-ph/9810082},
	doi = {10.1103/PhysRevLett.82.1784},
	number = {8},
	urldate = {2018-04-14},
	journal = {Physical Review Letters},
	author = {Lloyd, Seth and Braunstein, Samuel L.},
	month = feb,
	year = {1999},
	note = {arXiv: quant-ph/9810082},
	keywords = {Quantum Physics, cv},
	pages = {1784--1787},
}

@article{yokoyama_ultra-large-scale_2013,
	title = {Ultra-large-scale continuous-variable cluster states multiplexed in the time domain},
	volume = {7},
	issn = {1749-4885, 1749-4893},
	url = {http://www.nature.com/articles/nphoton.2013.287},
	doi = {10.1038/nphoton.2013.287},
	language = {en},
	number = {12},
	urldate = {2018-06-13},
	journal = {Nature Photonics},
	author = {Yokoyama, Shota and Ukai, Ryuji and Armstrong, Seiji C. and Sornphiphatphong, Chanond and Kaji, Toshiyuki and Suzuki, Shigenari and Yoshikawa, Jun-ichi and Yonezawa, Hidehiro and Menicucci, Nicolas C. and Furusawa, Akira},
	month = dec,
	year = {2013},
	pages = {982--986},
}

@article{yoshikawa_generation_2016,
	title = {Generation of one-million-mode continuous-variable cluster state by unlimited time-domain multiplexing},
	volume = {1},
	issn = {2378-0967},
	url = {http://arxiv.org/abs/1606.06688},
	doi = {10.1063/1.4962732},
	number = {6},
	urldate = {2018-06-13},
	journal = {APL Photonics},
	author = {Yoshikawa, Jun-ichi and Yokoyama, Shota and Kaji, Toshiyuki and Sornphiphatphong, Chanond and Shiozawa, Yu and Makino, Kenzo and Furusawa, Akira},
	month = sep,
	year = {2016},
	note = {arXiv: 1606.06688},
	keywords = {Quantum Physics},
	pages = {060801},
}

@article{asavanant_time-domain_2019,
	title = {Time-{Domain} {Multiplexed} 2-{Dimensional} {Cluster} {State}: {Universal} {Quantum} {Computing} {Platform}},
	volume = {366},
	issn = {0036-8075, 1095-9203},
	shorttitle = {Time-{Domain} {Multiplexed} 2-{Dimensional} {Cluster} {State}},
	url = {http://arxiv.org/abs/1903.03918},
	doi = {10.1126/science.aay2645},
	language = {en},
	number = {6463},
	urldate = {2020-03-02},
	journal = {Science},
	author = {Asavanant, Warit and Shiozawa, Yu and Yokoyama, Shota and Charoensombutamon, Baramee and Emura, Hiroki and Alexander, Rafael N. and Takeda, Shuntaro and Yoshikawa, Jun-ichi and Menicucci, Nicolas C. and Yonezawa, Hidehiro and Furusawa, Akira},
	month = oct,
	year = {2019},
	note = {arXiv: 1903.03918},
	keywords = {Quantum Physics},
	pages = {373--376},
}

@article{bartolucci_fusion-based_2023,
	title = {Fusion-based quantum computation},
	volume = {14},
	copyright = {2023 The Author(s)},
	issn = {2041-1723},
	url = {https://www.nature.com/articles/s41467-023-36493-1},
	doi = {10.1038/s41467-023-36493-1},
	language = {en},
	number = {1},
	urldate = {2024-02-13},
	journal = {Nature Communications},
	author = {Bartolucci, Sara and Birchall, Patrick and Bombín, Hector and Cable, Hugo and Dawson, Chris and Gimeno-Segovia, Mercedes and Johnston, Eric and Kieling, Konrad and Nickerson, Naomi and Pant, Mihir and Pastawski, Fernando and Rudolph, Terry and Sparrow, Chris},
	month = feb,
	year = {2023},
	note = {Number: 1
Publisher: Nature Publishing Group},
	keywords = {Quantum information, Qubits},
	pages = {912},
}

@misc{de_gliniasty_spin-optical_2024,
	title = {A {Spin}-{Optical} {Quantum} {Computing} {Architecture}},
	url = {http://arxiv.org/abs/2311.05605},
	doi = {10.48550/arXiv.2311.05605},
	urldate = {2024-02-13},
	publisher = {arXiv},
	author = {de Gliniasty, Grégoire and Hilaire, Paul and Emeriau, Pierre-Emmanuel and Wein, Stephen C. and Salavrakos, Alexia and Mansfield, Shane},
	month = jan,
	year = {2024},
	note = {arXiv:2311.05605 [quant-ph]},
	keywords = {Quantum Physics},
}

@article{braunstein_quantum_2005,
	title = {Quantum information with continuous variables},
	volume = {77},
	issn = {0034-6861, 1539-0756},
	url = {http://arxiv.org/abs/quant-ph/0410100},
	doi = {10.1103/RevModPhys.77.513},
	number = {2},
	urldate = {2018-04-14},
	journal = {Reviews of Modern Physics},
	author = {Braunstein, Samuel L. and van Loock, Peter},
	month = jun,
	year = {2005},
	note = {arXiv: quant-ph/0410100},
	keywords = {Quantum Physics, cv, review},
	pages = {513--577},
}

@article{ortiz-gutierrez_continuous_2017,
	title = {Continuous variables quantum computation over the vibrational modes of a single trapped ion},
	volume = {397},
	issn = {00304018},
	url = {http://arxiv.org/abs/1603.00065},
	doi = {10.1016/j.optcom.2017.04.011},
	urldate = {2024-02-13},
	journal = {Optics Communications},
	author = {Ortiz-Gutiérrez, Luis and Gabrielly, Bruna and Muñoz, Luis F. and Pereira, Kainã T. and Filgueiras, Jefferson G. and Villar, Alessandro S.},
	month = aug,
	year = {2017},
	note = {arXiv:1603.00065 [quant-ph]},
	keywords = {Quantum Physics},
	pages = {166--174},
}

@article{menicucci_universal_2006,
	title = {Universal {Quantum} {Computation} with {Continuous}-{Variable} {Cluster} {States}},
	volume = {97},
	issn = {0031-9007, 1079-7114},
	url = {http://arxiv.org/abs/quant-ph/0605198},
	doi = {10.1103/PhysRevLett.97.110501},
	number = {11},
	urldate = {2018-04-14},
	journal = {Physical Review Letters},
	author = {Menicucci, Nicolas C. and van Loock, Peter and Gu, Mile and Weedbrook, Christian and Ralph, Timothy C. and Nielsen, Michael A.},
	month = sep,
	year = {2006},
	note = {arXiv: quant-ph/0605198},
	keywords = {Quantum Physics, cv, mbqc, toread-flow},
}

@article{gu_quantum_2009,
	title = {Quantum {Computing} with {Continuous}-{Variable} {Clusters}},
	volume = {79},
	issn = {1050-2947, 1094-1622},
	url = {http://arxiv.org/abs/0903.3233},
	doi = {10.1103/PhysRevA.79.062318},
	number = {6},
	urldate = {2018-04-19},
	journal = {Physical Review A},
	author = {Gu, Mile and Weedbrook, Christian and Menicucci, Nicolas C. and Ralph, Timothy C. and van Loock, Peter},
	month = jun,
	year = {2009},
	note = {arXiv: 0903.3233},
	keywords = {Quantum Physics, cv, mbqc, cubic phase, toread-flow, favorite},
}


@book{de_gosson_symplectic_2011,
	series = {Pseudo-{Differential} {Operators}},
	title = {Symplectic {Methods} in {Harmonic} {Analysis} and in {Mathematical} {Physics}},
	isbn = {978-3-7643-9992-4},
	publisher = {Springer, Basel},
	author = {de Gosson, Maurice A.},
	year = {2011},
}

@preprint{stein_graphical_2024,
	title = {Graphical Quadratic Algebra},
	url = {http://arxiv.org/abs/2403.02284},
	number = {{arXiv}:2403.02284},
	publisher = {{arXiv}},
	author = {Stein, Dario and Zanasi, Fabio and Samuelson, Richard and Piedeleu, Robin},
	urldate = {2024-03-06},
	date = {2024-03-04},
	eprinttype = {arxiv},
	eprint = {2403.02284 [cs, math]},
	keywords = {Computer Science - Logic in Computer Science, Mathematics - Category Theory, F.3.2, F.4.0, G.3, Mathematics - Optimization and Control},
}

@misc{heurtel_complete_2024,
	title = {A Complete Graphical Language for Linear Optical Circuits with Finite-Photon-Number Sources and Detectors},
	url = {http://arxiv.org/abs/2402.17693},
	doi = {10.48550/arXiv.2402.17693},
	number = {{arXiv}:2402.17693},
	publisher = {{arXiv}},
	author = {Heurtel, Nicolas},
	urldate = {2024-02-28},
	date = {2024-02-27},
	eprinttype = {arxiv},
	eprint = {2402.17693 [quant-ph]},
	keywords = {Quantum Physics, Computer Science - Logic in Computer Science},
}

@article{abramsky_h*-algebras_2010,
	title = {H*-algebras and nonunital Frobenius algebras: first steps in infinite-dimensional categorical quantum mechanics},
	url = {http://arxiv.org/abs/1011.6123},
	shorttitle = {H*-algebras and nonunital Frobenius algebras},
	journaltitle = {{arXiv}:1011.6123 [quant-ph]},
	author = {Abramsky, Samson and Heunen, Chris},
	urldate = {2018-10-10},
	date = {2010-11-28},
	eprinttype = {arxiv},
	eprint = {1011.6123},
	keywords = {Quantum Physics, Mathematics - Category Theory, Mathematics - Functional Analysis},
}

@article{braunstein_teleportation_1998,
	title = {Teleportation of Continuous Quantum Variables},
	volume = {80},
	doi = {10.1103/PhysRevLett.80.869},
	pages = {4},
	number = {4},
	journaltitle = {Physical Review Letters},
	shortjournal = {Phys. Rev. Lett.},
	author = {Braunstein, Samuel L and Kimble, H J},
	date = {1998},
	langid = {english},
}


@misc{gauss,
Author = {Robert I. Booth and Titouan Carette and Cole Comfort},
Title = {Complete equational theories for classical and quantum Gaussian relations},
Year = {2024},
note = {https://arxiv.org/abs/2403.10479},
}


