@INCOLLECTION{selinger_survey_2010,
  AUTHOR = {Selinger, Peter},
  URL = {http://arxiv.org/abs/0908.3347},
  DATE = {2010},
  DOI = {10.1007/978-3-642-12821-9_4},
  EPRINT = {0908.3347 [math]},
  EPRINTTYPE = {arxiv},
  KEYWORDS = {18D10,Mathematics - Category Theory},
  PAGES = {289--355},
  TITLE = {A survey of graphical languages for monoidal categories},
  URLDATE = {2023-10-04},
  VOLUME = {813},
}

@BOOK{de2006symplectic,
  AUTHOR = {De Gosson, Maurice A},
  PUBLISHER = {Springer Science \& Business Media},
  DATE = {2006},
  TITLE = {Symplectic geometry and quantum mechanics},
  VOLUME = {166},
}

@MISC{gsa,
  AUTHOR = {Booth, Robert I. and Carette, Titouan and Comfort, Cole},
  URL = {https://arxiv.org/abs/2401.07914},
  DATE = {2024},
  EPRINT = {arXiv:2401.07914},
  EPRINTTYPE = {arxiv},
  TITLE = {Graphical Symplectic Algebra},
}

@ARTICLE{joyal_geometry_1991,
  AUTHOR = {Joyal, André and Street, Ross},
  DATE = {1991},
  DOI = {10.1016/0001-8708(91)90003-P},
  ISSN = {00018708},
  JOURNALTITLE = {Advances in Mathematics},
  KEYWORDS = {toread-cat},
  LANGID = {english},
  NUMBER = {1},
  PAGES = {55--112},
  TITLE = {The geometry of tensor calculus, {I}},
  URLDATE = {2019-03-14},
  VOLUME = {88},
}

@MISC{joyal_geometry_1991-1,
  AUTHOR = {Joyal, André and Street, Ross},
  DATE = {1991},
  KEYWORDS = {toread-cat},
  LANGID = {english},
  SERIES = {Unpublished draft},
  TITLE = {The geometry of tensor calculus, {II}},
  URLDATE = {2019-03-14},
}

@MISC{joyal_planar_1988,
  AUTHOR = {Joyal, André and Street, Ross},
  DATE = {1988},
  KEYWORDS = {toread-cat},
  LANGID = {english},
  SERIES = {Unpublished draft},
  TITLE = {Planar diagrams and tensor calculus},
  URLDATE = {2019-03-14},
}

@ARTICLE{robin,
  AUTHOR = {Cockett, J. R. B. and Seely, R. A. G.},
  URL = {https://www.math.mcgill.ca/rags/linear/Cockett-Seely-WDC-Durham1991-corrected.pdf},
  DATE = {1997-01-13},
  DOI = {10.1016/0022-4049(95)00160-3},
  ISSN = {0022-4049},
  JOURNALTITLE = {Journal of Pure and Applied Algebra},
  NUMBER = {2},
  PAGES = {133--173},
  SHORTJOURNAL = {Journal of Pure and Applied Algebra},
  TITLE = {Weakly distributive categories},
  URLDATE = {2023-10-03},
  VOLUME = {114},
}

@ARTICLE{cockett_linearly_1999,
  AUTHOR = {Cockett, J. R. B. and Seely, R. A. G.},
  URL = {https://www.sciencedirect.com/science/article/pii/S0022404998001108},
  DATE = {1999-11-10},
  DOI = {10.1016/S0022-4049(98)00110-8},
  ISSN = {0022-4049},
  JOURNALTITLE = {Journal of Pure and Applied Algebra},
  NUMBER = {1},
  PAGES = {155--203},
  SHORTJOURNAL = {Journal of Pure and Applied Algebra},
  TITLE = {Linearly distributive functors},
  URLDATE = {2023-10-03},
  VOLUME = {143},
}

@ARTICLE{mccurdy_graphical_2012,
  AUTHOR = {{McCurdy}, Micah Blake},
  URL = {http://arxiv.org/abs/1110.5542},
  DATE = {2012-05-28},
  EPRINT = {1110.5542 [math]},
  EPRINTTYPE = {arxiv},
  JOURNALTITLE = {Theory and Applications of Categories},
  KEYWORDS = {Mathematics - Category Theory},
  NUMBER = {9},
  PAGES = {233--280},
  TITLE = {Graphical Methods for {T}annaka Duality of Weak Bialgebras and Weak Hopf Algebras in Arbitrary Braided Monoidal Categories},
  URLDATE = {2023-10-03},
  VOLUME = {26},
}

@ARTICLE{duncan_graph-theoretic_2020,
  AUTHOR = {Duncan, Ross and Kissinger, Aleks and Perdrix, Simon and van de Wetering, John},
  DATE = {2020-06-04},
  DOI = {10.22331/q-2020-06-04-279},
  ISSN = {2521-327X},
  JOURNALTITLE = {Quantum},
  PAGES = {279},
  SHORTJOURNAL = {Quantum},
  TITLE = {Graph-theoretic Simplification of Quantum Circuits with the {ZX}-calculus},
  VOLUME = {4},
}

@ARTICLE{alr,
  AUTHOR = {Comfort, Cole and Kissinger, Aleks},
  PUBLISHER = {Open Publishing Association},
  URL = {http://dx.doi.org/10.4204/EPTCS.372.24},
  DATE = {2022-11},
  DOI = {10.4204/eptcs.372.24},
  ISSN = {2075-2180},
  JOURNALTITLE = {Electronic Proceedings in Theoretical Computer Science},
  PAGES = {338--351},
  TITLE = {A Graphical Calculus for Lagrangian Relations},
  VOLUME = {372},
}

@ARTICLE{bouchet_circle_1994,
  AUTHOR = {Bouchet, A.},
  DATE = {1994-01-01},
  DOI = {10.1006/jctb.1994.1008},
  ISSN = {0095-8956},
  JOURNALTITLE = {Journal of Combinatorial Theory, Series B},
  LANGID = {english},
  NUMBER = {1},
  PAGES = {107--144},
  SHORTJOURNAL = {Journal of Combinatorial Theory, Series B},
  TITLE = {Circle Graph Obstructions},
  VOLUME = {60},
}

@ARTICLE{kante_rank-width_2013,
  AUTHOR = {Kante, Mamadou Moustapha and Rao, Michael},
  URL = {http://arxiv.org/abs/0709.1433},
  DATE = {2013-05},
  DOI = {10.1007/s00224-012-9399-y},
  EPRINT = {0709.1433},
  EPRINTTYPE = {arxiv},
  ISSN = {1432-4350, 1433-0490},
  JOURNALTITLE = {Theory of Computing Systems},
  LANGID = {english},
  NUMBER = {4},
  PAGES = {599--644},
  SHORTJOURNAL = {Theory Comput Syst},
  TITLE = {The Rank-Width of Edge-Colored Graphs},
  URLDATE = {2021-03-25},
  VOLUME = {52},
}

@ARTICLE{Gross2006,
  AUTHOR = {Gross, D.},
  PUBLISHER = {AIP Publishing},
  URL = {http://dx.doi.org/10.1063/1.2393152},
  DATE = {2006-12},
  DOI = {10.1063/1.2393152},
  ISSN = {1089-7658},
  JOURNALTITLE = {Journal of Mathematical Physics},
  NUMBER = {12},
  TITLE = {Hudson’s theorem for finite-dimensional quantum systems},
  VOLUME = {47},
}

@INPROCEEDINGS{poor_qupit_2023,
  AUTHOR = {Poór, Boldizsár and Booth, Robert I. and Carette, Titouan and Van De Wetering, John and Yeh, Lia},
  LOCATION = {Paris, France},
  BOOKTITLE = {Electronic Proceedings in Theoretical Computer Science},
  DATE = {2023-08-29},
  DOI = {10.4204/EPTCS.384.13},
  EVENTTITLE = {Twentieth International Conference on Quantum Physics and Logic},
  LANGID = {english},
  PAGES = {220--264},
  SHORTTITLE = {The Qupit Stabiliser {ZX}-travaganza},
  TITLE = {The Qupit Stabiliser {ZX}-travaganza: Simplified Axioms, Normal Forms and Graph-Theoretic Simplification},
  VOLUME = {384},
}

@INPROCEEDINGS{comfort_graphical_2021,
  AUTHOR = {Comfort, Cole and Kissinger, Aleks},
  PUBLISHER = {EPTCS},
  BOOKTITLE = {{arXiv}.org},
  DATE = {2021-05-13},
  DOI = {10.4204/EPTCS.372.24},
  EVENTTITLE = {Applied Category Theory 2021},
  LANGID = {english},
  PAGES = {338--351},
  TITLE = {A Graphical Calculus for {L}agrangian Relations},
  VOLUME = {372},
}

@MISC{comfort_algebra_2023,
  AUTHOR = {Comfort, Cole},
  PUBLISHER = {arXiv},
  DATE = {2023-10-11},
  DOI = {10.48550/arXiv.2304.10584},
  EPRINT = {2304.10584 [quant-ph]},
  EPRINTTYPE = {arxiv},
  NUMBER = {{arXiv}:2304.10584},
  TITLE = {The Algebra for Stabilizer Codes},
}

@ARTICLE{lafont_towards_2003,
  AUTHOR = {Lafont, Yves},
  DATE = {2003-11-01},
  DOI = {10.1016/S0022-4049(03)00069-0},
  ISSN = {0022-4049},
  JOURNALTITLE = {Journal of Pure and Applied Algebra},
  NUMBER = {2},
  PAGES = {257--310},
  SHORTJOURNAL = {Journal of Pure and Applied Algebra},
  TITLE = {Towards an algebraic theory of {B}oolean circuits},
  VOLUME = {184},
}

@INPROCEEDINGS{carette_szx-calculus_2019,
  AUTHOR = {Carette, Titouan and Horsman, Dominic and Perdrix, Simon},
  LOCATION = {Dagstuhl, Germany},
  PUBLISHER = {Schloss Dagstuhl–Leibniz-Zentrum für Informatik},
  BOOKTITLE = {44th International Symposium on Mathematical Foundations of Computer Science ({MFCS} 2019)},
  DATE = {2019},
  DOI = {10.4230/LIPIcs.MFCS.2019.55},
  ISBN = {978-3-95977-117-7},
  KEYWORDS = {Quantum Physics},
  PAGES = {55:1--55:15},
  SERIES = {Leibniz International Proceedings in Informatics ({LIPIcs})},
  SHORTTITLE = {{SZX}-calculus},
  TITLE = {{SZX}-calculus: Scalable Graphical Quantum Reasoning},
  VOLUME = {138},
}

@UNPUBLISHED{carette_note_2020,
  AUTHOR = {Carette, Titouan},
  URL = {http://arxiv.org/abs/2012.09540},
  DATE = {2020-12-17},
  EPRINT = {2012.09540},
  EPRINTTYPE = {arxiv},
  KEYWORDS = {Quantum Physics},
  LANGID = {english},
  TITLE = {A note on diagonal gates in {SZX}-calculus},
  URLDATE = {2021-03-31},
}

@ARTICLE{carette2022large-scale_2022,
  AUTHOR = {Carette, Titouan and Lemonnier, Louis},
  DATE = {2022},
  JOURNALTITLE = {arXiv preprint arXiv:2204.11702},
  TITLE = {Large-scale quantum diagrammatic reasoning tools,!-boxes vs. scalable notations},
}

@INPROCEEDINGS{clement_lov-calculus_2022,
  AUTHOR = {Clément, Alexandre and Heurtel, Nicolas and Mansfield, Shane and Perdrix, Simon and Valiron, Benoît},
  EDITOR = {Szeider, Stefan and Ganian, Robert and Silva, Alexandra},
  LOCATION = {Dagstuhl, Germany},
  PUBLISHER = {Schloss Dagstuhl – Leibniz-Zentrum für Informatik},
  URL = {https://drops.dagstuhl.de/opus/volltexte/2022/16833},
  BOOKTITLE = {47th International Symposium on Mathematical Foundations of Computer Science ({MFCS} 2022)},
  DATE = {2022},
  DOI = {10.4230/LIPIcs.MFCS.2022.35},
  ISBN = {978-3-95977-256-3},
  KEYWORDS = {Completeness,Quantum Computing,Graphical Language,Linear Optical Circuits,Linear Optical Quantum Computing},
  NOTE = {{ISSN}: 1868-8969},
  PAGES = {35:1--35:16},
  SERIES = {Leibniz International Proceedings in Informatics ({LIPIcs})},
  SHORTTITLE = {{LO}{\textbackslash}underlinev-Calculus},
  TITLE = {{LOv}-Calculus: A Graphical Language for Linear Optical Quantum Circuits},
  URLDATE = {2023-07-26},
  VOLUME = {241},
}

@ARTICLE{fabre_modes_2020,
  AUTHOR = {Fabre, Claude and Treps, Nicolas},
  URL = {http://arxiv.org/abs/1912.09321},
  DATE = {2020-09-10},
  DOI = {10.1103/RevModPhys.92.035005},
  EPRINT = {1912.09321},
  EPRINTTYPE = {arxiv},
  ISSN = {0034-6861, 1539-0756},
  JOURNALTITLE = {Reviews of Modern Physics},
  KEYWORDS = {Quantum Physics},
  NUMBER = {3},
  PAGES = {035005},
  SHORTJOURNAL = {Rev. Mod. Phys.},
  TITLE = {Modes and states in Quantum Optics},
  URLDATE = {2021-06-26},
  VOLUME = {92},
}

@ARTICLE{Fritz2020,
  AUTHOR = {Fritz, Tobias},
  PUBLISHER = {Elsevier BV},
  URL = {http://dx.doi.org/10.1016/j.aim.2020.107239},
  DATE = {2020-08},
  DOI = {10.1016/j.aim.2020.107239},
  ISSN = {0001-8708},
  JOURNALTITLE = {Advances in Mathematics},
  PAGES = {107239},
  TITLE = {A synthetic approach to Markov kernels, conditional independence and theorems on sufficient statistics},
  VOLUME = {370},
}

@ARTICLE{ferraro_gaussian_2005,
  AUTHOR = {Ferraro, Alessandro and Olivares, Stefano and Paris, Matteo G. A.},
  URL = {http://arxiv.org/abs/quant-ph/0503237},
  DATE = {2005-03-31},
  EPRINT = {quant-ph/0503237},
  EPRINTTYPE = {arxiv},
  JOURNALTITLE = {{arXiv}:quant-ph/0503237},
  KEYWORDS = {Quantum Physics,qpd},
  TITLE = {{G}aussian states in continuous variable quantum information},
  URLDATE = {2018-06-19},
}

@ARTICLE{weedbrook_gaussian_2012,
  AUTHOR = {Weedbrook, Christian and Pirandola, Stefano and Garcia-Patron, Raul and Cerf, Nicolas J. and Ralph, Timothy C. and Shapiro, Jeffrey H. and Lloyd, Seth},
  URL = {http://arxiv.org/abs/1110.3234},
  DATE = {2012-05-01},
  DOI = {10.1103/RevModPhys.84.621},
  EPRINT = {1110.3234},
  EPRINTTYPE = {arxiv},
  ISSN = {0034-6861, 1539-0756},
  JOURNALTITLE = {Reviews of Modern Physics},
  KEYWORDS = {Quantum Physics,cv,qpd,review},
  NUMBER = {2},
  PAGES = {621--669},
  TITLE = {{G}aussian Quantum Information},
  URLDATE = {2018-04-14},
  VOLUME = {84},
}

@INPROCEEDINGS{booth_complete_2022,
  AUTHOR = {Booth, Robert I. and Carette, Titouan},
  EDITOR = {Szeider, Stefan and Ganian, Robert and Silva, Alexandra},
  LOCATION = {Dagstuhl, Germany},
  PUBLISHER = {Schloss Dagstuhl – Leibniz-Zentrum für Informatik},
  URL = {https://drops.dagstuhl.de/opus/volltexte/2022/16822},
  BOOKTITLE = {47th International Symposium on Mathematical Foundations of Computer Science ({MFCS} 2022)},
  DATE = {2022},
  DOI = {10.4230/LIPIcs.MFCS.2022.24},
  ISBN = {978-3-95977-256-3},
  KEYWORDS = {qudits,{ZX}-calculus,completeness,quantum,stabiliser},
  NOTE = {{ISSN}: 1868-8969},
  PAGES = {24:1--24:15},
  SERIES = {Leibniz International Proceedings in Informatics ({LIPIcs})},
  TITLE = {Complete {ZX}-Calculi for the Stabiliser Fragment in Odd Prime Dimensions},
  URLDATE = {2022-08-22},
  VOLUME = {241},
}

@UNPUBLISHED{booth_complete_2023,
  AUTHOR = {Booth, Robert I. and Carette, Titouan and Comfort, Cole},
  DATE = {2024},
  TITLE = {A complete equational theory for {G}aussian quantum mechanics with infinite squeezing},
}

@ARTICLE{gottesman_fault-tolerant_1999,
  AUTHOR = {Gottesman, Daniel},
  URL = {http://arxiv.org/abs/quant-ph/9802007},
  DATE = {1999-09},
  DOI = {10.1016/S0960-0779(98)00218-5},
  EPRINT = {quant-ph/9802007},
  EPRINTTYPE = {arxiv},
  ISSN = {09600779},
  JOURNALTITLE = {Chaos, Solitons \& Fractals},
  KEYWORDS = {Quantum Physics},
  NUMBER = {10},
  PAGES = {1749--1758},
  SHORTJOURNAL = {Chaos, Solitons \& Fractals},
  TITLE = {Fault-Tolerant Quantum Computation with Higher-Dimensional Systems},
  URLDATE = {2020-05-20},
  VOLUME = {10},
}

@ARTICLE{zhou_quantum_2003,
  AUTHOR = {Zhou, D. L. and Zeng, B. and Xu, Z. and Sun, C. P.},
  URL = {http://arxiv.org/abs/quant-ph/0304054},
  DATE = {2003-12-02},
  DOI = {10.1103/PhysRevA.68.062303},
  EPRINT = {quant-ph/0304054},
  EPRINTTYPE = {arxiv},
  ISSN = {1050-2947, 1094-1622},
  JOURNALTITLE = {Physical Review A},
  KEYWORDS = {Quantum Physics},
  LANGID = {english},
  NUMBER = {6},
  PAGES = {062303},
  SHORTJOURNAL = {Phys. Rev. A},
  TITLE = {Quantum computation based on d-level cluster states},
  URLDATE = {2020-05-19},
  VOLUME = {68},
}

@ARTICLE{brell_generalized_2015,
  AUTHOR = {Brell, Courtney G.},
  URL = {http://arxiv.org/abs/1408.6237},
  DATE = {2015-02-10},
  DOI = {10.1088/1367-2630/17/2/023029},
  EPRINT = {1408.6237},
  EPRINTTYPE = {arxiv},
  ISSN = {1367-2630},
  JOURNALTITLE = {New Journal of Physics},
  KEYWORDS = {Quantum Physics},
  LANGID = {english},
  NUMBER = {2},
  PAGES = {023029},
  SHORTJOURNAL = {New J. Phys.},
  TITLE = {Generalized Cluster States Based on Finite Groups},
  URLDATE = {2020-05-19},
  VOLUME = {17},
}

@ARTICLE{reimer_high-dimensional_2019,
  AUTHOR = {Reimer, Christian and Sciara, Stefania and Roztocki, Piotr and Islam, Mehedi and Cortés, Luis Romero and Zhang, Yanbing and Fischer, Bennet and Loranger, Sébastien and Kashyap, Raman and Cino, Alfonso and Chu, Sai T. and Little, Brent E. and Moss, David J. and Caspani, Lucia and Munro, William J. and Azaña, José and Kues, Michael and Morandotti, Roberto},
  URL = {https://www.nature.com/articles/s41567-018-0347-x},
  DATE = {2019-02},
  DOI = {10.1038/s41567-018-0347-x},
  ISSN = {1745-2481},
  JOURNALTITLE = {Nature Physics},
  LANGID = {english},
  NOTE = {Number: 2 Publisher: Nature Publishing Group},
  NUMBER = {2},
  PAGES = {148--153},
  SHORTJOURNAL = {Nature Phys},
  TITLE = {High-dimensional one-way quantum processing implemented on d-level cluster states},
  URLDATE = {2020-05-19},
  VOLUME = {15},
}

@ARTICLE{keet_quantum_2010,
  AUTHOR = {Keet, Adrian and Fortescue, Ben and Markham, Damian and Sanders, Barry C.},
  URL = {http://arxiv.org/abs/1004.4619},
  DATE = {2010-12-14},
  DOI = {10.1103/PhysRevA.82.062315},
  EPRINT = {1004.4619},
  EPRINTTYPE = {arxiv},
  ISSN = {1050-2947, 1094-1622},
  JOURNALTITLE = {Physical Review A},
  KEYWORDS = {Quantum Physics},
  LANGID = {english},
  NUMBER = {6},
  PAGES = {062315},
  SHORTJOURNAL = {Phys. Rev. A},
  TITLE = {Quantum secret sharing with qudit graph states},
  URLDATE = {2021-03-25},
  VOLUME = {82},
}

@ARTICLE{joo_logical_2019,
  AUTHOR = {Joo, Jaewoo and Lee, Chang-Woo and Kono, Shingo and Kim, Jaewan},
  URL = {https://www.nature.com/articles/s41598-019-52866-3},
  DATE = {2019-11-12},
  DOI = {10.1038/s41598-019-52866-3},
  ISSN = {2045-2322},
  JOURNALTITLE = {Scientific Reports},
  KEYWORDS = {Quantum information,Qubits},
  LANGID = {english},
  NOTE = {Number: 1 Publisher: Nature Publishing Group},
  NUMBER = {1},
  PAGES = {16592},
  SHORTJOURNAL = {Sci Rep},
  TITLE = {Logical measurement-based quantum computation in circuit-{QED}},
  URLDATE = {2022-06-13},
  VOLUME = {9},
}

@ARTICLE{proctor_ancilla-driven_2017,
  AUTHOR = {Proctor, Timothy and Giulian, Melissa and Korolkova, Natalia and Andersson, Erika and Kendon, Viv},
  URL = {http://link.aps.org/doi/10.1103/PhysRevA.95.052317},
  DATE = {2017-05-10},
  DOI = {10.1103/PhysRevA.95.052317},
  ISSN = {2469-9926, 2469-9934},
  JOURNALTITLE = {Physical Review A},
  LANGID = {english},
  NUMBER = {5},
  PAGES = {052317},
  SHORTJOURNAL = {Phys. Rev. A},
  TITLE = {Ancilla-driven quantum computation for qudits and continuous variables},
  URLDATE = {2022-06-13},
  VOLUME = {95},
}

@ARTICLE{Willems,
  AUTHOR = {Willems, Jan C.},
  DATE = {2013},
  DOI = {10.1109/TAC.2012.2210836},
  JOURNALTITLE = {IEEE Transactions on Automatic Control},
  NUMBER = {2},
  PAGES = {406--421},
  TITLE = {Open Stochastic Systems},
  VOLUME = {58},
}

@ARTICLE{hall_cluster_2007,
  AUTHOR = {Hall, William},
  DATE = {2007},
  DOI = {10.26421/QIC7.3-2},
  JOURNALTITLE = {Quantum Inf. Comput.},
  TITLE = {Cluster state quantum computation for many-level systems},
}

@ARTICLE{booth_outcome_2023,
  AUTHOR = {Booth, Robert I. and Kissinger, Aleks and Markham, Damian and Meignant, Clément and Perdrix, Simon},
  URL = {https://dx.doi.org/10.1088/1751-8121/acbace},
  DATE = {2023-02},
  DOI = {10.1088/1751-8121/acbace},
  ISSN = {1751-8121},
  JOURNALTITLE = {Journal of Physics A: Mathematical and Theoretical},
  LANGID = {english},
  NOTE = {Publisher: {IOP} Publishing},
  NUMBER = {11},
  PAGES = {115303},
  SHORTJOURNAL = {J. Phys. A: Math. Theor.},
  TITLE = {Outcome determinism in measurement-based quantum computation with qudits},
  URLDATE = {2023-04-06},
  VOLUME = {56},
}

@ARTICLE{marin_access_2013,
  AUTHOR = {Marin, Anne and Markham, Damian and Perdrix, Simon},
  EDITORA = {Herbstritt, Marc},
  URL = {http://drops.dagstuhl.de/opus/volltexte/2013/4330/},
  DATE = {2013},
  DOI = {10.4230/LIPICS.TQC.2013.308},
  EDITORATYPE = {collaborator},
  KEYWORDS = {000 Computer science,knowledge,general works,Computer Science},
  LANGID = {english},
  NOTE = {Artwork Size: 17 pages Medium: application/pdf Publisher: Schloss Dagstuhl - Leibniz-Zentrum fuer Informatik {GmbH}, Wadern/Saarbruecken, Germany},
  PAGES = {17 pages},
  TITLE = {Access Structure in Graphs in High Dimension and Application to Secret Sharing},
  URLDATE = {2020-06-18},
}

@ARTICLE{looi_quantum_2008,
  AUTHOR = {Looi, Shiang Yong and Yu, Li and Gheorghiu, Vlad and Griffiths, Robert B.},
  URL = {http://arxiv.org/abs/0712.1979},
  DATE = {2008-10-07},
  DOI = {10.1103/PhysRevA.78.042303},
  EPRINT = {0712.1979 [quant-ph]},
  EPRINTTYPE = {arxiv},
  ISSN = {1050-2947, 1094-1622},
  JOURNALTITLE = {Physical Review A},
  KEYWORDS = {Quantum Physics},
  NUMBER = {4},
  PAGES = {042303},
  SHORTJOURNAL = {Phys. Rev. A},
  TITLE = {Quantum Error Correcting Codes Using Qudit Graph States},
  URLDATE = {2023-11-30},
  VOLUME = {78},
}

@INCOLLECTION{hein_entanglement_2006,
  AUTHOR = {Hein, M. and Dür, W. and Eisert, J. and Raussendorf, R. and Nest, M. Van den and Briegel, H.-J.},
  PUBLISHER = {{IOS} Press},
  URL = {http://arxiv.org/abs/quant-ph/0602096},
  BOOKTITLE = {Quantum Computers, Algorithms and Chaos},
  DATE = {2006},
  EPRINT = {quant-ph/0602096},
  EPRINTTYPE = {arxiv},
  KEYWORDS = {Condensed Matter - Other Condensed Matter,Quantum Physics},
  PAGES = {115--218},
  TITLE = {Entanglement in Graph States and its Applications},
  URLDATE = {2023-11-30},
}

@ARTICLE{backens_zx-calculus_2014,
  AUTHOR = {Backens, Miriam},
  URL = {http://arxiv.org/abs/1307.7025},
  DATE = {2014-09-17},
  DOI = {10.1088/1367-2630/16/9/093021},
  EPRINT = {1307.7025},
  EPRINTTYPE = {arxiv},
  ISSN = {1367-2630},
  JOURNALTITLE = {New Journal of Physics},
  KEYWORDS = {Quantum Physics},
  LANGID = {english},
  NUMBER = {9},
  PAGES = {093021},
  SHORTJOURNAL = {New J. Phys.},
  TITLE = {The {ZX}-calculus is complete for stabilizer quantum mechanics},
  URLDATE = {2021-08-06},
  VOLUME = {16},
}

@ARTICLE{mcelvanney_complete_2022,
  AUTHOR = {McElvanney, Tommy and Backens, Miriam},
  PUBLISHER = {Open Publishing Association},
  DATE = {2023-11},
  DOI = {10.4204/eptcs.394.5},
  ISSN = {2075-2180},
  JOURNALTITLE = {Electronic Proceedings in Theoretical Computer Science},
  PAGES = {66--82},
  TITLE = {Complete Flow-Preserving Rewrite Rules for {MBQC} Patterns with {P}auli Measurements},
  VOLUME = {394},
}

@ARTICLE{amy_polynomial-time_2014,
  AUTHOR = {Amy, Matthew and Maslov, Dmitri and Mosca, Michele},
  URL = {http://arxiv.org/abs/1303.2042},
  DATE = {2014-10},
  DOI = {10.1109/TCAD.2014.2341953},
  EPRINT = {1303.2042 [quant-ph]},
  EPRINTTYPE = {arxiv},
  ISSN = {0278-0070, 1937-4151},
  JOURNALTITLE = {{IEEE} Transactions on Computer-Aided Design of Integrated Circuits and Systems},
  KEYWORDS = {Computer Science - Emerging Technologies,Quantum Physics},
  NUMBER = {10},
  PAGES = {1476--1489},
  SHORTJOURNAL = {{IEEE} Trans. Comput.-Aided Des. Integr. Circuits Syst.},
  TITLE = {Polynomial-time {T}-depth Optimization of {C}lifford+{T} circuits via Matroid Partitioning},
  URLDATE = {2023-12-06},
  VOLUME = {33},
}

@ARTICLE{hu_improved_2022,
  AUTHOR = {Hu, Alexander Tianlin and Khesin, Andrey Boris},
  URL = {http://arxiv.org/abs/2109.10210},
  DATE = {2022-02-22},
  DOI = {10.1103/PhysRevA.105.022432},
  EPRINT = {2109.10210 [quant-ph]},
  EPRINTTYPE = {arxiv},
  ISSN = {2469-9926, 2469-9934},
  JOURNALTITLE = {Physical Review A},
  KEYWORDS = {Quantum Physics},
  NUMBER = {2},
  PAGES = {022432},
  SHORTJOURNAL = {Phys. Rev. A},
  TITLE = {Improved Graph Formalism for Quantum Circuit Simulation},
  URLDATE = {2023-12-06},
  VOLUME = {105},
}

@MISC{cockett_categories_2022,
  AUTHOR = {Cockett, J. R. B. and Kalra, Amolak Ratan and Prakash, Shiroman},
  PUBLISHER = {arXiv},
  DATE = {2022-07-07},
  DOI = {10.48550/arXiv.2205.05870},
  EPRINT = {2205.05870 [quant-ph]},
  EPRINTTYPE = {arxiv},
  KEYWORDS = {Quantum Physics},
  NOTE = {Number: {arXiv}:2205.05870},
  NUMBER = {{arXiv}:2205.05870},
  TITLE = {Categories of {K}irchhoff relations},
  URLDATE = {2022-09-12},
}

@ARTICLE{clark_valence_2006,
  AUTHOR = {Clark, Sean},
  URL = {http://arxiv.org/abs/quant-ph/0512155},
  DATE = {2006-03-17},
  DOI = {10.1088/0305-4470/39/11/010},
  EPRINT = {quant-ph/0512155},
  EPRINTTYPE = {arxiv},
  ISSN = {0305-4470, 1361-6447},
  JOURNALTITLE = {Journal of Physics A: Mathematical and General},
  KEYWORDS = {Quantum Physics},
  NUMBER = {11},
  PAGES = {2701--2721},
  SHORTJOURNAL = {J. Phys. A: Math. Gen.},
  TITLE = {Valence bond solid formalism for d-level one-way quantum computation},
  URLDATE = {2021-09-16},
  VOLUME = {39},
}

@ARTICLE{statonhuot,
  AUTHOR = {Huot, Mathieu and Staton, Sam},
  PUBLISHER = {Open Publishing Association},
  DATE = {2019-01},
  DOI = {10.4204/eptcs.287.12},
  ISSN = {2075-2180},
  JOURNALTITLE = {Electronic Proceedings in Theoretical Computer Science},
  PAGES = {213--223},
  TITLE = {Universal Properties in Quantum Theory},
  VOLUME = {287},
}

@ARTICLE{discard,
  AUTHOR = {Carette, Titouan and Jeandel, Emmanuel and Perdrix, Simon and Vilmart, Renaud},
  PUBLISHER = {Association for Computing Machinery (ACM)},
  URL = {https://arxiv.org/abs/1902.07143},
  DATE = {2021-12},
  DOI = {10.1145/3464693},
  ISSN = {2643-6817},
  JOURNALTITLE = {ACM Transactions on Quantum Computing},
  NUMBER = {4},
  PAGES = {1--28},
  TITLE = {Completeness of Graphical Languages for Mixed State Quantum Mechanics},
  VOLUME = {2},
}

@ARTICLE{network,
  AUTHOR = {Baez, John C. and Coya, Brandon and Rebro, Franciscus},
  URL = {http://www.tac.mta.ca/tac/volumes/33/25/33-25.pdf},
  DATE = {2018},
  JOURNALTITLE = {Theory and Applications of Categories},
  NUMBER = {25},
  PAGES = {727--783},
  TITLE = {Props in network theory},
  VOLUME = {33},
}

@ARTICLE{control,
  AUTHOR = {Baez, John C. and Erbele, Jason},
  URL = {http://www.tac.mta.ca/tac/volumes/30/24/30-24.pdf},
  DATE = {2015},
  JOURNALTITLE = {Theory and Applications of Categories},
  NUMBER = {24},
  PAGES = {836--881},
  TITLE = {Categories in control},
  VOLUME = {30},
}

@ARTICLE{passive,
  AUTHOR = {Baez, John C. and Fong, Brendan},
  URL = {http://www.tac.mta.ca/tac/volumes/33/38/33-38.pdf},
  DATE = {2018},
  JOURNALTITLE = {Theory and Applications of Categories},
  NUMBER = {38},
  PAGES = {pp 1158--1222},
  TITLE = {A compositional framework for passive linear networks},
  VOLUME = {33},
}

@INPROCEEDINGS{amolakresistors,
  AUTHOR = {Cockett, J.R.B. and Kalra, Amolak Ratan and Srinivasan, Priyaa Varshinee},
  PUBLISHER = {EPTCS},
  URL = {https://arxiv.org/pdf/2303.11839.pdf},
  DATE = {2023},
  EVENTTITLE = {Applied Category Theory 2023},
  PAGES = {70--83},
  TITLE = {Normalizing Resistor Networks},
  VOLUME = {397},
}

@ARTICLE{gla,
  AUTHOR = {Bonchi, Filippo and Sobociński, Pawe{ł} and Zanasi, Fabio},
  PUBLISHER = {Elsevier},
  URL = {https://arxiv.org/pdf/1403.7048.pdf},
  DATE = {2017},
  DOI = {10.1016/j.jpaa.2016.06.002},
  JOURNALTITLE = {Journal of Pure and Applied Algebra},
  NUMBER = {1},
  PAGES = {144--184},
  TITLE = {Interacting {H}opf algebras},
  VOLUME = {221},
}

@INPROCEEDINGS{gaa,
  AUTHOR = {Bonchi, Filippo and Piedeleu, Robin and Sobociński, Pawe{ł} and Zanasi, Fabio},
  ORGANIZATION = {IEEE},
  URL = {http://www.zanasi.com/fabio/files/paperLICS19.pdf},
  BOOKTITLE = {2019 34th Annual ACM/IEEE Symposium on Logic in Computer Science (LICS)},
  DATE = {2019},
  DOI = {10.1109/LICS.2019.8785877},
  PAGES = {1--12},
  TITLE = {Graphical affine algebra},
}

@MISC{wilson,
  AUTHOR = {Wilson, Paul and Ghica, Dan and Zanasi, Fabio},
  URL = {https://arxiv.org/pdf/2201.11738.pdf},
  DATE = {2022},
  TITLE = {String diagrams for non-strict monoidal categories},
}

@ARTICLE{cockett,
  AUTHOR = {Cockett, J.R.B. and Seely, R.A.G.},
  PUBLISHER = {Elsevier {BV}},
  URL = {https://www.math.mcgill.ca/rags/linear/wdc-fix.pdf},
  DATE = {1997-01},
  DOI = {10.1016/0022-4049(95)00160-3},
  JOURNALTITLE = {Journal of Pure and Applied Algebra},
  NUMBER = {2},
  PAGES = {133--173},
  TITLE = {Weakly distributive categories},
  VOLUME = {114},
}

@MISC{wetering,
  AUTHOR = {van de Wetering, John},
  URL = {https://arxiv.org/pdf/2012.13966.pdf},
  DATE = {2020},
  TITLE = {{ZX}-calculus for the working quantum computer scientist},
}

@INCOLLECTION{dpla,
  AUTHOR = {Boisseau, Guillaume and Piedeleu, Robin},
  PUBLISHER = {Springer International Publishing},
  URL = {https://arxiv.org/pdf/2111.03956.pdf},
  BOOKTITLE = {Lecture Notes in Computer Science},
  DATE = {2022},
  DOI = {10.1007/978-3-030-99253-8_6},
  PAGES = {101--119},
  TITLE = {Graphical Piecewise-Linear Algebra},
}

@INPROCEEDINGS{dpa,
  AUTHOR = {Bonchi, Filippo and Giorgio, Alessandro Di and Sobociński, Pawe{ł}},
  EDITOR = {Bojanczyk, Mikolaj and Chekuri, Chandra},
  PUBLISHER = {Schloss Dagstuhl - Leibniz-Zentrum für Informatik},
  BOOKTITLE = {41st {IARCS} Annual Conference on Foundations of Software Technology and Theoretical Computer Science, {FSTTCS} 2021, December 15-17, 2021, Virtual Conference},
  DATE = {2021},
  DOI = {10.4230/LIPIcs.FSTTCS.2021.40},
  PAGES = {40:1--40:18},
  SERIES = {LIPIcs},
  TITLE = {Diagrammatic Polyhedral Algebra},
  VOLUME = {213},
}

@INPROCEEDINGS{zxa,
  AUTHOR = {Comfort, Cole},
  EDITOR = {Valiron, Benoît and Mansfield, Shane and Arrighi, Pablo and Panangaden, Prakash},
  PUBLISHER = {Open Publishing Association},
  BOOKTITLE = {{\rm Proceedings 17th International Conference on} Quantum Physics and Logic, {\rm Paris, France, June 2 - 6, 2020}},
  DATE = {2021},
  DOI = {10.4204/EPTCS.340.4},
  PAGES = {60--90},
  SERIES = {Electronic Proceedings in Theoretical Computer Science},
  TITLE = {The {ZX\&}-calculus: A complete graphical calculus for classical circuits using spiders},
  VOLUME = {340},
}

@BOOK{ohm,
  AUTHOR = {Ohm, Georg Simon},
  PUBLISHER = {Bei T.H. Riemann},
  DATE = {1827},
  DOI = {10.5479/sil.354716.39088005838644},
  TITLE = {Die galvanische Kette},
}

@ARTICLE{Kirchhoff1845,
  AUTHOR = {Kirchhoff, {Student of}},
  PUBLISHER = {Wiley},
  DATE = {1845-01},
  DOI = {10.1002/andp.18451400402},
  ISSN = {1521-3889},
  JOURNALTITLE = {Annalen der Physik},
  NUMBER = {4},
  PAGES = {497--514},
  TITLE = {Ueber den Durchgang eines elektrischen Stromes durch eine Ebene, insbesondere durch eine kreisförmige},
  VOLUME = {140},
}

@THESIS{bondgraph,
  AUTHOR = {Smith, Lorcan Stuart Peter Stillwell},
  INSTITUTION = {University of Glasgow},
  URL = {https://theses.gla.ac.uk/74811/1/11007730.pdf},
  DATE = {1993},
  TITLE = {Bond Graph Modelling of Physical Systems},
  TYPE = {phdthesis},
}

@MISC{thetable,
  AUTHOR = {Baez, John C.},
  URL = {https://johncarlosbaez.wordpress.com/2013/04/23/network-theory-part-29/},
  DATE = {2013},
  TITLE = {Network Theory (Part 29)},
}

@ARTICLE{guillemin_problems_1979,
  AUTHOR = {Guillemin, Victor and Sternberg, Shlomo},
  DATE = {1979-08},
  DOI = {10.2307/2373923},
  ISSN = {00029327},
  JOURNALTITLE = {American Journal of Mathematics},
  NUMBER = {4},
  PAGES = {915},
  SHORTJOURNAL = {American Journal of Mathematics},
  TITLE = {Some Problems in Integral Geometry and Some Related Problems in Micro-Local Analysis},
  URLDATE = {2023-05-03},
  VOLUME = {101},
}

@INPROCEEDINGS{gaussrel,
  AUTHOR = {Stein, Dario and Samuelson, Richard},
  LANGUAGE = {en},
  PUBLISHER = {Schloss Dagstuhl – Leibniz-Zentrum für Informatik},
  URL = {https://drops.dagstuhl.de/entities/document/10.4230/LIPIcs.CALCO.2023.13},
  DATE = {2023},
  DOI = {10.4230/LIPICS.CALCO.2023.13},
  TITLE = {A Category for Unifying Gaussian Probability and Nondeterminism},
}

@MISC{weinstein_symplectic_2009,
  AUTHOR = {Weinstein, Alan},
  PUBLISHER = {arXiv},
  DATE = {2009-11-20},
  DOI = {10.48550/arXiv.0911.4133},
  EPRINT = {0911.4133 [math]},
  EPRINTTYPE = {arxiv},
  KEYWORDS = {Mathematics - Category Theory,Mathematics - Symplectic Geometry,53D12,81S10},
  NUMBER = {{arXiv}:0911.4133},
  TITLE = {Symplectic Categories},
  URLDATE = {2023-05-10},
}

@THESIS{gottesman,
  AUTHOR = {Gottesman, Daniel},
  INSTITUTION = {California Institute of Technology},
  URL = {https://arxiv.org/pdf/quant-ph/9705052.pdf},
  DATE = {1997},
  TITLE = {Stabilizer Codes and Quantum Error Correction},
  TYPE = {phdthesis},
}

@BOOK{maclane,
  AUTHOR = {Lane, Saunders Mac},
  PUBLISHER = {Springer New York},
  URL = {http://www.mtm.ufsc.br/~ebatista/2016-2/maclanecat.pdf},
  DATE = {1971},
  DOI = {10.1007/978-1-4612-9839-7},
  ISBN = {9781461298397},
  ISSN = {0072-5285},
  JOURNALTITLE = {Graduate Texts in Mathematics},
  TITLE = {Categories for the Working Mathematician},
}

@ARTICLE{Boisseau2022,
  AUTHOR = {Boisseau, Guillaume and Sobociński, Pawe{ł}},
  PUBLISHER = {Open Publishing Association},
  DATE = {2022-11},
  DOI = {10.4204/eptcs.372.13},
  ISSN = {2075-2180},
  JOURNALTITLE = {Electronic Proceedings in Theoretical Computer Science},
  PAGES = {178--191},
  TITLE = {String Diagrammatic Electrical Circuit Theory},
  VOLUME = {372},
}

@THESIS{carettethesis,
  AUTHOR = {Carette, Titouan},
  INSTITUTION = {Université de Lorraine},
  URL = {https://hal.science/tel-03468027},
  DATE = {2021-11},
  NUMBER = {2021LORR0200},
  TITLE = {{Wielding the {ZX}-calculus, Flexsymmetry, Mixed States, and Scalable Notations}},
  TYPE = {phdthesis},
}

@ARTICLE{zh,
  AUTHOR = {Backens, Miriam and Kissinger, Aleks},
  PUBLISHER = {Open Publishing Association},
  DATE = {2019-01},
  DOI = {10.4204/eptcs.287.2},
  JOURNALTITLE = {Electronic Proceedings in Theoretical Computer Science},
  PAGES = {23--42},
  TITLE = {{ZH}: A Complete Graphical Calculus for Quantum Computations Involving Classical Non-linearity},
  VOLUME = {287},
}

@ARTICLE{zx,
  AUTHOR = {Coecke, Bob and Duncan, Ross},
  PUBLISHER = {{IOP} Publishing},
  DATE = {2011-04},
  DOI = {10.1088/1367-2630/13/4/043016},
  JOURNALTITLE = {New Journal of Physics},
  NUMBER = {4},
  PAGES = {043016},
  TITLE = {Interacting quantum observables: categorical algebra and diagrammatics},
  VOLUME = {13},
}

@INPROCEEDINGS{qutrit,
  AUTHOR = {Wang, Quanlong},
  EDITOR = {Coecke, Bob and Kissinger, Aleks},
  PUBLISHER = {Open Publishing Association},
  BOOKTITLE = {{\rm Proceedings 14th International Conference on} Quantum Physics and Logic, {\rm Nijmegen, The Netherlands, 3-7 July 2017}},
  DATE = {2018},
  DOI = {10.4204/EPTCS.266.3},
  PAGES = {58--70},
  SERIES = {Electronic Proceedings in Theoretical Computer Science},
  TITLE = {Qutrit {ZX}-calculus is Complete for Stabilizer Quantum Mechanics},
  VOLUME = {266},
}

@ARTICLE{zxcompletea,
  AUTHOR = {Jeandel, Emmanuel and Perdrix, Simon and Vilmart, Renaud},
  DATE = {2020-06},
  DOI = {10.23638/LMCS-16(2:11)2020},
  JOURNALTITLE = {{Logical Methods in Computer Science}},
  KEYWORDS = {Quantum Physics ; Computer Science - Logic in Computer Science},
  TITLE = {{Completeness of the {ZX}-Calculus}},
  VOLUME = {{Volume 16, Issue 2}},
}

@MISC{zxcompleteb,
  AUTHOR = {Ng, Kang Feng and Wang, Quanlong},
  PUBLISHER = {arXiv},
  URL = {https://arxiv.org/pdf/1706.09877.pdf},
  DATE = {2017},
  TITLE = {A universal completion of the {ZX}-calculus},
}

@INPROCEEDINGS{zw,
  AUTHOR = {Hadzihasanovic, Amar},
  LOCATION = {Los Alamitos, CA, USA},
  PUBLISHER = {IEEE Computer Society},
  URL = {https://arxiv.org/pdf/1501.07082.pdf},
  BOOKTITLE = {2015 30th Annual ACM/IEEE Symposium on Logic in Computer Science (LICS)},
  DATE = {2015-07},
  DOI = {10.1109/LICS.2015.59},
  ISSN = {1043-6871},
  PAGES = {573--584},
  TITLE = {A Diagrammatic Axiomatisation for Qubit Entanglement},
}

@ARTICLE{spekzx,
  AUTHOR = {Backens, Miriam and Duman, Ali Nabi},
  PUBLISHER = {Springer Science and Business Media LLC},
  URL = {https://arxiv.org/abs/1411.1618},
  DATE = {2015-10},
  DOI = {10.1007/s10701-015-9957-7},
  ISSN = {1572-9516},
  JOURNALTITLE = {Foundations of Physics},
  NUMBER = {1},
  PAGES = {70--103},
  TITLE = {A Complete Graphical Calculus for {S}pekkens’ Toy Bit Theory},
  VOLUME = {46},
}

@ARTICLE{MPI,
  AUTHOR = {Cockett, J.R.B and Lemay, Jean-Simon Pacaud},
  PUBLISHER = {Open Publishing Association},
  URL = {http://dx.doi.org/10.4204/EPTCS.384.10},
  DATE = {2023-08},
  DOI = {10.4204/eptcs.384.10},
  ISSN = {2075-2180},
  JOURNALTITLE = {Electronic Proceedings in Theoretical Computer Science},
  PAGES = {171--186},
  TITLE = {{M}oore-{P}enrose Dagger Categories},
  VOLUME = {384},
}

@BOOK{Pozar,
  AUTHOR = {Pozar, David M},
  LANGUAGE = {en},
  LOCATION = {Chichester, England},
  PUBLISHER = {John Wiley \& Sons},
  DATE = {2011-11},
  EDITION = {4},
  TITLE = {Microwave Engineering},
}

@ARTICLE{bahramgiri_graph_2007,
  AUTHOR = {Bahramgiri, Mohsen and Beigi, Salman},
  URL = {http://arxiv.org/abs/quant-ph/0610267},
  DATE = {2007-06-29},
  EPRINT = {quant-ph/0610267},
  EPRINTTYPE = {arxiv},
  JOURNALTITLE = {{arXiv}:quant-ph/0610267},
  KEYWORDS = {Quantum Physics},
  LANGID = {english},
  TITLE = {Graph States Under the Action of Local {C}lifford Group in Non-Binary Case},
  URLDATE = {2020-12-13},
}

@ARTICLE{bahramgiri_efficient_2007,
  AUTHOR = {Bahramgiri, Mohsen and Beigi, Salman},
  URL = {http://arxiv.org/abs/cs/0702057},
  DATE = {2007-07-01},
  EPRINT = {cs/0702057},
  EPRINTTYPE = {arxiv},
  JOURNALTITLE = {{arXiv}:cs/0702057},
  KEYWORDS = {Computer Science - Data Structures and Algorithms},
  LANGID = {english},
  TITLE = {An Efficient Algorithm to Recognize Locally Equivalent Graphs in Non-Binary Case},
  URLDATE = {2021-05-06},
}

@ARTICLE{van_den_nest_graphical_2004,
  AUTHOR = {Van den Nest, Maarten and Dehaene, Jeroen and De Moor, Bart},
  URL = {https://arxiv.org/pdf/quant-ph/0308151.pdf},
  DATE = {2004-02-24},
  DOI = {10.1103/PhysRevA.69.022316},
  JOURNALTITLE = {Physical Review A},
  NOTE = {Publisher: American Physical Society},
  NUMBER = {2},
  PAGES = {022316},
  SHORTJOURNAL = {Phys. Rev. A},
  TITLE = {Graphical description of the action of local {C}lifford transformations on graph states},
  URLDATE = {2024-01-10},
  VOLUME = {69},
}

@INCOLLECTION{benenti_linear_1983,
  AUTHOR = {Benenti, Sergio},
  EDITOR = {Crumeyrolle, Albert and Griffone, J.},
  LOCATION = {Boston},
  PUBLISHER = {Pitman},
  BOOKTITLE = {Symplectic Geometry},
  DATE = {1983},
  TITLE = {Linear Symplectic Relations},
}

@ARTICLE{lawruk_special_1975,
  AUTHOR = {Lawruk, B and Śniatycki, J and Tulczyjew, W.M},
  URL = {https://linkinghub.elsevier.com/retrieve/pii/0022039675900571},
  DATE = {1975-03},
  DOI = {10.1016/0022-0396(75)90057-1},
  ISSN = {00220396},
  JOURNALTITLE = {Journal of Differential Equations},
  LANGID = {english},
  NUMBER = {2},
  PAGES = {477--497},
  SHORTJOURNAL = {Journal of Differential Equations},
  TITLE = {Special symplectic spaces},
  URLDATE = {2023-05-10},
  VOLUME = {17},
}

@ARTICLE{tulczyjew_category_1984,
  AUTHOR = {Tulczyjew, W. M. and Zakrzewski, S.},
  URL = {https://www.sciencedirect.com/science/article/pii/0393044084900214},
  DATE = {1984-01-01},
  DOI = {10.1016/0393-0440(84)90021-4},
  ISSN = {0393-0440},
  JOURNALTITLE = {Journal of Geometry and Physics},
  KEYWORDS = {Fresnel Kernels,Morse Families,Symplectic Relations},
  LANGID = {english},
  NUMBER = {3},
  PAGES = {79--120},
  SHORTJOURNAL = {Journal of Geometry and Physics},
  TITLE = {The category of {F}resnel kernels},
  URLDATE = {2023-05-10},
  VOLUME = {1},
}

@INPROCEEDINGS{dold_symplectic_1982,
  AUTHOR = {Weinstein, Alan},
  EDITOR = {Doebner, Heinz-Dietrich and Andersson, Stig I. and Petry, Herbert Rainer},
  EDITORB = {Dold, A. and Eckmann, B.},
  LOCATION = {Berlin, Heidelberg},
  PUBLISHER = {Springer Berlin Heidelberg},
  URL = {http://link.springer.com/10.1007/BFb0092426},
  DATE = {1982},
  DOI = {10.1007/BFb0092426},
  EDITORBTYPE = {redactor},
  ISBN = {978-3-540-11197-9 978-3-540-39002-2},
  NOTE = {Book Title: Differential Geometric Methods in Mathematical Physics Series Title: Lecture Notes in Mathematics},
  PAGES = {45--51},
  TITLE = {The symplectic ``category''},
  URLDATE = {2023-05-10},
  VOLUME = {905},
}

@INPROCEEDINGS{benenti_category_1982,
  AUTHOR = {Benenti, Sergio},
  LOCATION = {Florence, Italy},
  BOOKTITLE = {Proceedings of the meeting "Geometry and Physics"},
  DATE = {1982-10},
  EVENTTITLE = {Geometry and Phyiscs},
  TITLE = {The category of symplectic reductions},
}

@ARTICLE{urbanski_structure_1985,
  AUTHOR = {Urbanski, Pawel},
  URL = {https://www.fuw.edu.pl/~urbanski/Skany/StrPosRel.pdf},
  DATE = {1985-01-01},
  JOURNALTITLE = {Atti della Accademia delle Scienze di Torino. Classe di Scienze Fisiche, Matematiche e Naturali},
  SHORTJOURNAL = {Atti della Accademia delle Scienze di Torino. Classe di Scienze Fisiche, Matematiche e Naturali},
  TITLE = {The structure of positive linear symplectic relations},
  VOLUME = {119},
}

@COLLECTION{kijowski_symplectic_1979,
  EDITOR = {Kijowski, Jerzy and Tulczyjew, Wlodzimierz M.},
  LOCATION = {Berlin, Heidelberg},
  PUBLISHER = {Springer},
  URL = {http://link.springer.com/10.1007/3-540-09538-1},
  DATE = {1979},
  DOI = {10.1007/3-540-09538-1},
  ISBN = {978-3-540-09538-5},
  KEYWORDS = {dynamics,Feldtheorie,field theory,geometry,mechanics,Mechanik,Symplektische Geometrie},
  LANGID = {english},
  SERIES = {Lecture Notes in Physics},
  TITLE = {A Symplectic Framework for Field Theories},
  URLDATE = {2023-07-04},
  VOLUME = {107},
}

@INPROCEEDINGS{DBLP:conf/lics/DuncanD16,
  AUTHOR = {Duncan, Ross and Dunne, Kevin},
  EDITOR = {Grohe, Martin and Koskinen, Eric and Shankar, Natarajan},
  PUBLISHER = {ACM},
  URL = {https://doi.org/10.1145/2933575.2934550},
  BOOKTITLE = {Proceedings of the 31st Annual {ACM/IEEE} Symposium on Logic in Computer Science, {LICS} '16, New York, NY, USA, July 5-8, 2016},
  DATE = {2016},
  DOI = {10.1145/2933575.2934550},
  PAGES = {535--544},
  TITLE = {Interacting {F}robenius Algebras are {H}opf},
}

@ARTICLE{Elliott2008,
  AUTHOR = {Elliott, Matthew B. and Eastin, Bryan and Caves, Carlton M.},
  PUBLISHER = {American Physical Society (APS)},
  URL = {https://arxiv.org/pdf/quant-ph/0703278.pdf},
  DATE = {2008-04},
  DOI = {10.1103/physreva.77.042307},
  ISSN = {1094-1622},
  JOURNALTITLE = {Physical Review A},
  NUMBER = {4},
  TITLE = {Graphical description of the action of {C}lifford operators on stabilizer states},
  VOLUME = {77},
}

@BOOK{Nielsen2012,
  AUTHOR = {Nielsen, Michael A. and Chuang, Isaac L.},
  PUBLISHER = {Cambridge University Press},
  URL = {http://dx.doi.org/10.1017/CBO9780511976667},
  DATE = {2012-06},
  DOI = {10.1017/cbo9780511976667},
  ISBN = {9780511976667},
  TITLE = {Quantum Computation and Quantum Information: 10th Anniversary Edition},
}

@ARTICLE{Cleve1997,
  AUTHOR = {Cleve, Richard and Gottesman, Daniel},
  PUBLISHER = {American Physical Society (APS)},
  URL = {https://arxiv.org/pdf/quant-ph/9607030.pdf},
  DATE = {1997-07},
  DOI = {10.1103/physreva.56.76},
  ISSN = {1094-1622},
  JOURNALTITLE = {Physical Review A},
  NUMBER = {1},
  PAGES = {76--82},
  TITLE = {Efficient computations of encodings for quantum error correction},
  VOLUME = {56},
}

@ARTICLE{Kissinger2020,
  AUTHOR = {Kissinger, Aleks and van de Wetering, John},
  PUBLISHER = {American Physical Society (APS)},
  URL = {https://arxiv.org/pdf/1903.10477.pdf},
  DATE = {2020-08},
  DOI = {10.1103/physreva.102.022406},
  ISSN = {2469-9934},
  JOURNALTITLE = {Physical Review A},
  NUMBER = {2},
  TITLE = {Reducing the number of non-Clifford gates in quantum circuits},
  VOLUME = {102},
}

@ARTICLE{deBeaudrap2020,
  AUTHOR = {de Beaudrap, Niel and Bian, Xiaoning and Wang, Quanlong},
  PUBLISHER = {Open Publishing Association},
  DATE = {2020-05},
  DOI = {10.4204/eptcs.318.9},
  ISSN = {2075-2180},
  JOURNALTITLE = {Electronic Proceedings in Theoretical Computer Science},
  PAGES = {131--149},
  TITLE = {Techniques to Reduce \(pi/4\)-Parity-Phase Circuits, Motivated by the {ZX} Calculus},
  VOLUME = {318},
}

@ARTICLE{Lemonnier2021,
  AUTHOR = {Lemonnier, Louis and van de Wetering, John and Kissinger, Aleks},
  PUBLISHER = {Open Publishing Association},
  URL = {http://dx.doi.org/10.4204/EPTCS.340.10},
  DATE = {2021-09},
  DOI = {10.4204/eptcs.340.10},
  ISSN = {2075-2180},
  JOURNALTITLE = {Electronic Proceedings in Theoretical Computer Science},
  PAGES = {188--212},
  TITLE = {Hypergraph Simplification: Linking the Path-sum Approach to the {ZH}-calculus},
  VOLUME = {340},
}

@ARTICLE{Cowtan2020,
  AUTHOR = {Cowtan, Alexander and Dilkes, Silas and Duncan, Ross and Simmons, Will and Sivarajah, Seyon},
  PUBLISHER = {Open Publishing Association},
  DATE = {2020-05},
  DOI = {10.4204/eptcs.318.13},
  ISSN = {2075-2180},
  JOURNALTITLE = {Electronic Proceedings in Theoretical Computer Science},
  PAGES = {213--228},
  TITLE = {Phase Gadget Synthesis for Shallow Circuits},
  VOLUME = {318},
}

@ARTICLE{Bonchi2019,
  AUTHOR = {Bonchi, Filippo and Holland, Joshua and Piedeleu, Robin and Sobociński, Paweł and Zanasi, Fabio},
  PUBLISHER = {Association for Computing Machinery (ACM)},
  URL = {https://www.ioc.ee/~pawel/papers/popl19.pdf},
  DATE = {2019-01},
  DOI = {10.1145/3290338},
  ISSN = {2475-1421},
  JOURNALTITLE = {Proceedings of the ACM on Programming Languages},
  NUMBER = {POPL},
  PAGES = {1--28},
  TITLE = {Diagrammatic algebra: from linear to concurrent systems},
  VOLUME = {3},
}

@ARTICLE{Bonchi2017,
  AUTHOR = {Bonchi, Filippo and Sobociński, Paweł and Zanasi, Fabio},
  PUBLISHER = {Elsevier BV},
  URL = {https://www.ioc.ee/~pawel/papers/sfg1.pdf},
  DATE = {2017-02},
  DOI = {10.1016/j.ic.2016.03.002},
  ISSN = {0890-5401},
  JOURNALTITLE = {Information and Computation},
  PAGES = {2--29},
  TITLE = {The Calculus of Signal Flow Diagrams I: Linear relations on streams},
  VOLUME = {252},
}

@INBOOK{Bonchi2014,
  AUTHOR = {Bonchi, Filippo and Sobociński, Paweł and Zanasi, Fabio},
  PUBLISHER = {Springer Berlin Heidelberg},
  URL = {https://hal.science/hal-02134182/file/sfg.pdf},
  BOOKTITLE = {Lecture Notes in Computer Science},
  DATE = {2014},
  DOI = {10.1007/978-3-662-44584-6_30},
  ISBN = {9783662445846},
  ISSN = {1611-3349},
  PAGES = {435--450},
  TITLE = {A Categorical Semantics of Signal Flow Graphs},
}

@THESIS{ih,
  AUTHOR = {Zanasi, Fabio},
  INSTITUTION = {Université de Lyon},
  URL = {https://discovery.ucl.ac.uk/id/eprint/10062538/1/thesis2015%20%281%29.pdf},
  DATE = {2018},
  TITLE = {Interacting {H}opf Algebras: the theory of linear systems},
  TYPE = {phdthesis},
}

@THESIS{coya,
  AUTHOR = {Coya, Brandon},
  INSTITUTION = {University of California Riverside},
  URL = {https://arxiv.org/pdf/1805.08290.pdf},
  DATE = {2018},
  TITLE = {Circuits, bond graphs, and signal-flow diagrams: A categorical perspective},
  TYPE = {phdthesis},
}

@THESIS{erbele,
  AUTHOR = {Erbele, Jason Michael},
  INSTITUTION = {University of California Riverside},
  URL = {https://arxiv.org/pdf/1611.07591.pdf},
  DATE = {2016},
  TITLE = {Categories in control: applied {PROP}s},
  TYPE = {phdthesis},
}

@ARTICLE{deFelice2023,
  AUTHOR = {de Felice, Giovanni and Shaikh, Razin A. and Poór, Boldizsár and Yeh, Lia and Wang, Quanlong and Coecke, Bob},
  PUBLISHER = {Open Publishing Association},
  DATE = {2023-08},
  DOI = {10.4204/eptcs.384.2},
  ISSN = {2075-2180},
  JOURNALTITLE = {Electronic Proceedings in Theoretical Computer Science},
  PAGES = {20--46},
  TITLE = {Light-Matter Interaction in the ZXW Calculus},
  VOLUME = {384},
}

@ARTICLE{deFelice,
  AUTHOR = {de Felice, Giovanni and Coecke, Bob},
  PUBLISHER = {Open Publishing Association},
  URL = {http://dx.doi.org/10.4204/EPTCS.394.6},
  DATE = {2023-11},
  DOI = {10.4204/eptcs.394.6},
  ISSN = {2075-2180},
  JOURNALTITLE = {Electronic Proceedings in Theoretical Computer Science},
  PAGES = {83--100},
  TITLE = {Quantum Linear Optics via String Diagrams},
  VOLUME = {394},
}

@ARTICLE{Gogioso2017,
  AUTHOR = {Gogioso, Stefano and Genovese, Fabrizio},
  PUBLISHER = {Open Publishing Association},
  URL = {http://dx.doi.org/10.4204/EPTCS.236.4},
  DATE = {2017-01},
  DOI = {10.4204/eptcs.236.4},
  ISSN = {2075-2180},
  JOURNALTITLE = {Electronic Proceedings in Theoretical Computer Science},
  PAGES = {51--69},
  TITLE = {Infinite-dimensional Categorical Quantum Mechanics},
  VOLUME = {236},
}

@ARTICLE{Cockett2021,
  AUTHOR = {Cockett, Robin and Comfort, Cole and Srinivasan, Priyaa},
  PUBLISHER = {Centre pour la Communication Scientifique Directe (CCSD)},
  URL = {http://dx.doi.org/10.46298/LMCS-17(4:8)2021},
  DATE = {2021-11},
  DOI = {10.46298/lmcs-17(4:8)2021},
  ISSN = {1860-5974},
  JOURNALTITLE = {Logical Methods in Computer Science},
  TITLE = {Dagger linear logic for categorical quantum mechanics},
  VOLUME = {Volume 17, Issue 4},
}

@ARTICLE{pyzx,
  AUTHOR = {Kissinger, Aleks and van de Wetering, John},
  PUBLISHER = {Open Publishing Association},
  URL = {http://dx.doi.org/10.4204/EPTCS.318.14},
  DATE = {2020-05},
  DOI = {10.4204/eptcs.318.14},
  ISSN = {2075-2180},
  JOURNALTITLE = {Electronic Proceedings in Theoretical Computer Science},
  PAGES = {229--241},
  TITLE = {PyZX: Large Scale Automated Diagrammatic Reasoning},
  VOLUME = {318},
}

@ARTICLE{Backens2021,
  AUTHOR = {Backens, Miriam and Miller-Bakewell, Hector and de Felice, Giovanni and Lobski, Leo and van de Wetering, John},
  PUBLISHER = {Verein zur Forderung des Open Access Publizierens in den Quantenwissenschaften},
  URL = {http://dx.doi.org/10.22331/q-2021-03-25-421},
  DATE = {2021-03},
  DOI = {10.22331/q-2021-03-25-421},
  ISSN = {2521-327X},
  JOURNALTITLE = {Quantum},
  PAGES = {421},
  TITLE = {There and back again: A circuit extraction tale},
  VOLUME = {5},
}

@ARTICLE{menicucci_graphical_2011,
  AUTHOR = {Menicucci, Nicolas C. and Flammia, Steven T. and van Loock, Peter},
  LANGUAGE = {en},
  URL = {http://arxiv.org/abs/1007.0725},
  DATE = {2011-04},
  DOI = {10.1103/PhysRevA.83.042335},
  ISSN = {1050-2947, 1094-1622},
  JOURNALTITLE = {Physical Review A},
  NOTE = {arXiv: 1007.0725},
  NUMBER = {4},
  TITLE = {Graphical calculus for {Gaussian} pure states},
  URLDATE = {2019-03-22},
  VOLUME = {83},
}

@MISC{Brask,
  AUTHOR = {Brask, Jonatan Bohr},
  URL = {https://arxiv.org/abs/2102.05748},
  DATE = {2021},
  EPRINT = {arXiv:2102.05748},
  TITLE = {Gaussian states and operations -- a quick reference},
}

@INBOOK{pqp,
  AUTHOR = {Coecke, Bob and Kissinger, Aleks},
  PUBLISHER = {Springer International Publishing},
  URL = {http://dx.doi.org/10.1007/978-3-319-91376-6_6},
  BOOKTITLE = {Lecture Notes in Computer Science},
  DATE = {2018},
  DOI = {10.1007/978-3-319-91376-6_6},
  ISBN = {9783319913766},
  ISSN = {1611-3349},
  PAGES = {28--31},
  TITLE = {Picturing Quantum Processes: A First Course on Quantum Theory and Diagrammatic Reasoning},
}

@BOOK{Heunen2019-ox,
  AUTHOR = {Heunen, Chris and Vicary, Jamie},
  LANGUAGE = {en},
  LOCATION = {London, England},
  PUBLISHER = {Oxford University Press},
  DATE = {2019-11},
  SERIES = {Oxford Graduate Texts in Mathematics},
  TITLE = {Categories for quantum theory},
}

@INPROCEEDINGS{Differentiation,
  AUTHOR = {Jeandel, Emmanuel and Perdrix, Simon and Veshchezerova, Margarita},
  EDITOR = {Felty, Amy P.},
  LOCATION = {Dagstuhl, Germany},
  PUBLISHER = {Schloss Dagstuhl -- Leibniz-Zentrum für Informatik},
  URL = {https://drops.dagstuhl.de/entities/document/10.4230/LIPIcs.FSCD.2022.13},
  ANNOTATION = {Keywords: ZX calculus, Addition of ZX diagrams, Diagrammatic differentiation},
  BOOKTITLE = {7th International Conference on Formal Structures for Computation and Deduction (FSCD 2022)},
  DATE = {2022},
  DOI = {10.4230/LIPIcs.FSCD.2022.13},
  ISBN = {978-3-95977-233-4},
  ISSN = {1868-8969},
  PAGES = {13:1--13:19},
  SERIES = {Leibniz International Proceedings in Informatics (LIPIcs)},
  TITLE = {{Addition and Differentiation of ZX-Diagrams}},
  VOLUME = {228},
}

@ARTICLE{East2022,
  AUTHOR = {East, Richard D.P. and van de Wetering, John and Chancellor, Nicholas and Grushin, Adolfo G.},
  PUBLISHER = {American Physical Society (APS)},
  URL = {http://dx.doi.org/10.1103/PRXQuantum.3.010302},
  DATE = {2022-01},
  DOI = {10.1103/prxquantum.3.010302},
  ISSN = {2691-3399},
  JOURNALTITLE = {PRX Quantum},
  NUMBER = {1},
  TITLE = {AKLT-States as ZX-Diagrams: Diagrammatic Reasoning for Quantum States},
  VOLUME = {3},
}

@ARTICLE{lattice,
  AUTHOR = {de Beaudrap, Niel and Horsman, Dominic},
  PUBLISHER = {Verein zur Forderung des Open Access Publizierens in den Quantenwissenschaften},
  URL = {http://dx.doi.org/10.22331/q-2020-01-09-218},
  DATE = {2020-01},
  DOI = {10.22331/q-2020-01-09-218},
  ISSN = {2521-327X},
  JOURNALTITLE = {Quantum},
  PAGES = {218},
  TITLE = {The ZX calculus is a language for surface code lattice surgery},
  VOLUME = {4},
}

@ARTICLE{Toumi2021,
  AUTHOR = {Toumi, Alexis and Yeung, Richie and de Felice, Giovanni},
  PUBLISHER = {Open Publishing Association},
  URL = {http://dx.doi.org/10.4204/EPTCS.343.7},
  DATE = {2021-09},
  DOI = {10.4204/eptcs.343.7},
  ISSN = {2075-2180},
  JOURNALTITLE = {Electronic Proceedings in Theoretical Computer Science},
  PAGES = {132--144},
  TITLE = {Diagrammatic Differentiation for Quantum Machine Learning},
  VOLUME = {343},
}

@ARTICLE{Huang2023,
  AUTHOR = {Huang, Jiaxin and Li, Sarah Meng and Yeh, Lia and Kissinger, Aleks and Mosca, Michele and Vasmer, Michael},
  PUBLISHER = {Open Publishing Association},
  URL = {http://dx.doi.org/10.4204/EPTCS.384.1},
  DATE = {2023-08},
  DOI = {10.4204/eptcs.384.1},
  ISSN = {2075-2180},
  JOURNALTITLE = {Electronic Proceedings in Theoretical Computer Science},
  PAGES = {1--19},
  TITLE = {Graphical CSS Code Transformation Using ZX Calculus},
  VOLUME = {384},
}

@INPROCEEDINGS{schwartz1957theorie,
  AUTHOR = {Schwartz, Laurent},
  BOOKTITLE = {Annales de l'institut Fourier},
  DATE = {1957},
  PAGES = {1--141},
  TITLE = {Théorie des distributions à valeurs vectorielles. I},
  VOLUME = {7},
}

@BOOK{Von_Neumann2018-nl,
  AUTHOR = {Von Neumann, John},
  EDITOR = {Wheeler, Nicholas A},
  LANGUAGE = {en},
  LOCATION = {Princeton, NJ},
  DATE = {2018-02},
  ISBN = {978-0-691-17856-1},
  TITLE = {Mathematical foundations of quantum mechanics},
}

@MISC{kissinger_finite_2015,
  AUTHOR = {Kissinger, Aleks},
  PUBLISHER = {arXiv},
  URL = {http://arxiv.org/abs/1406.5942},
  DATE = {2015-08},
  DOI = {10.48550/arXiv.1406.5942},
  NOTE = {arXiv:1406.5942 [math]},
  TITLE = {Finite matrices are complete for (dagger-)hypergraph categories},
  URLDATE = {2024-02-08},
}

@INPROCEEDINGS{Coherentcontrol,
  AUTHOR = {Branciard, Cyril and Clément, Alexandre and Mhalla, Mehdi and Perdrix, Simon},
  LANGUAGE = {en},
  PUBLISHER = {Schloss Dagstuhl – Leibniz-Zentrum für Informatik},
  URL = {https://drops.dagstuhl.de/entities/document/10.4230/LIPIcs.MFCS.2021.22},
  DATE = {2021},
  DOI = {10.4230/LIPICS.MFCS.2021.22},
  KEYWORDS = {Quantum Computing,Diagrammatic Language,Quantum Control,Polarising Beam Splitter,Categorical Quantum Mechanics,Quantum Switch,Theory of computation → Quantum computation theory,Theory of computation → Axiomatic semantics,Theory of computation → Categorical semantics,Hardware → Quantum computation,Hardware → Quantum communication and cryptography},
  TITLE = {Coherent Control and Distinguishability of Quantum Channels via PBS-Diagrams},
}

@ARTICLE{lloyd_quantum_1999,
  AUTHOR = {Lloyd, Seth and Braunstein, Samuel L.},
  URL = {http://arxiv.org/abs/quant-ph/9810082},
  DATE = {1999-02},
  DOI = {10.1103/PhysRevLett.82.1784},
  ISSN = {0031-9007, 1079-7114},
  JOURNALTITLE = {Physical Review Letters},
  KEYWORDS = {Quantum Physics,cv},
  NOTE = {arXiv: quant-ph/9810082},
  NUMBER = {8},
  PAGES = {1784--1787},
  TITLE = {Quantum computation over continuous variables},
  URLDATE = {2018-04-14},
  VOLUME = {82},
}

@ARTICLE{yokoyama_ultra-large-scale_2013,
  AUTHOR = {Yokoyama, Shota and Ukai, Ryuji and Armstrong, Seiji C. and Sornphiphatphong, Chanond and Kaji, Toshiyuki and Suzuki, Shigenari and Yoshikawa, Jun-ichi and Yonezawa, Hidehiro and Menicucci, Nicolas C. and Furusawa, Akira},
  LANGUAGE = {en},
  URL = {http://www.nature.com/articles/nphoton.2013.287},
  DATE = {2013-12},
  DOI = {10.1038/nphoton.2013.287},
  ISSN = {1749-4885, 1749-4893},
  JOURNALTITLE = {Nature Photonics},
  NUMBER = {12},
  PAGES = {982--986},
  TITLE = {Ultra-large-scale continuous-variable cluster states multiplexed in the time domain},
  URLDATE = {2018-06-13},
  VOLUME = {7},
}

@ARTICLE{yoshikawa_generation_2016,
  AUTHOR = {Yoshikawa, Jun-ichi and Yokoyama, Shota and Kaji, Toshiyuki and Sornphiphatphong, Chanond and Shiozawa, Yu and Makino, Kenzo and Furusawa, Akira},
  URL = {http://arxiv.org/abs/1606.06688},
  DATE = {2016-09},
  DOI = {10.1063/1.4962732},
  ISSN = {2378-0967},
  JOURNALTITLE = {APL Photonics},
  KEYWORDS = {Quantum Physics},
  NOTE = {arXiv: 1606.06688},
  NUMBER = {6},
  PAGES = {060801},
  TITLE = {Generation of one-million-mode continuous-variable cluster state by unlimited time-domain multiplexing},
  URLDATE = {2018-06-13},
  VOLUME = {1},
}

@ARTICLE{asavanant_time-domain_2019,
  AUTHOR = {Asavanant, Warit and Shiozawa, Yu and Yokoyama, Shota and Charoensombutamon, Baramee and Emura, Hiroki and Alexander, Rafael N. and Takeda, Shuntaro and Yoshikawa, Jun-ichi and Menicucci, Nicolas C. and Yonezawa, Hidehiro and Furusawa, Akira},
  LANGUAGE = {en},
  URL = {http://arxiv.org/abs/1903.03918},
  DATE = {2019-10},
  DOI = {10.1126/science.aay2645},
  ISSN = {0036-8075, 1095-9203},
  JOURNALTITLE = {Science},
  KEYWORDS = {Quantum Physics},
  NOTE = {arXiv: 1903.03918},
  NUMBER = {6463},
  PAGES = {373--376},
  SHORTTITLE = {Time-{Domain} {Multiplexed} 2-{Dimensional} {Cluster} {State}},
  TITLE = {Time-{Domain} {Multiplexed} 2-{Dimensional} {Cluster} {State}: {Universal} {Quantum} {Computing} {Platform}},
  URLDATE = {2020-03-02},
  VOLUME = {366},
}

@ARTICLE{bartolucci_fusion-based_2023,
  AUTHOR = {Bartolucci, Sara and Birchall, Patrick and Bombín, Hector and Cable, Hugo and Dawson, Chris and Gimeno-Segovia, Mercedes and Johnston, Eric and Kieling, Konrad and Nickerson, Naomi and Pant, Mihir and Pastawski, Fernando and Rudolph, Terry and Sparrow, Chris},
  LANGUAGE = {en},
  URL = {https://www.nature.com/articles/s41467-023-36493-1},
  DATE = {2023-02},
  DOI = {10.1038/s41467-023-36493-1},
  ISSN = {2041-1723},
  JOURNALTITLE = {Nature Communications},
  KEYWORDS = {Quantum information,Qubits},
  NOTE = {Number: 1 Publisher: Nature Publishing Group},
  NUMBER = {1},
  PAGES = {912},
  TITLE = {Fusion-based quantum computation},
  URLDATE = {2024-02-13},
  VOLUME = {14},
}

@MISC{de_gliniasty_spin-optical_2024,
  AUTHOR = {de Gliniasty, Grégoire and Hilaire, Paul and Emeriau, Pierre-Emmanuel and Wein, Stephen C. and Salavrakos, Alexia and Mansfield, Shane},
  PUBLISHER = {arXiv},
  URL = {http://arxiv.org/abs/2311.05605},
  DATE = {2024-01},
  DOI = {10.48550/arXiv.2311.05605},
  KEYWORDS = {Quantum Physics},
  NOTE = {arXiv:2311.05605 [quant-ph]},
  TITLE = {A {Spin}-{Optical} {Quantum} {Computing} {Architecture}},
  URLDATE = {2024-02-13},
}

@ARTICLE{braunstein_quantum_2005,
  AUTHOR = {Braunstein, Samuel L. and van Loock, Peter},
  URL = {http://arxiv.org/abs/quant-ph/0410100},
  DATE = {2005-06},
  DOI = {10.1103/RevModPhys.77.513},
  ISSN = {0034-6861, 1539-0756},
  JOURNALTITLE = {Reviews of Modern Physics},
  KEYWORDS = {Quantum Physics,cv,review},
  NOTE = {arXiv: quant-ph/0410100},
  NUMBER = {2},
  PAGES = {513--577},
  TITLE = {Quantum information with continuous variables},
  URLDATE = {2018-04-14},
  VOLUME = {77},
}

@ARTICLE{ortiz-gutierrez_continuous_2017,
  AUTHOR = {Ortiz-Gutiérrez, Luis and Gabrielly, Bruna and Muñoz, Luis F. and Pereira, Kainã T. and Filgueiras, Jefferson G. and Villar, Alessandro S.},
  URL = {http://arxiv.org/abs/1603.00065},
  DATE = {2017-08},
  DOI = {10.1016/j.optcom.2017.04.011},
  ISSN = {00304018},
  JOURNALTITLE = {Optics Communications},
  KEYWORDS = {Quantum Physics},
  NOTE = {arXiv:1603.00065 [quant-ph]},
  PAGES = {166--174},
  TITLE = {Continuous variables quantum computation over the vibrational modes of a single trapped ion},
  URLDATE = {2024-02-13},
  VOLUME = {397},
}

@ARTICLE{menicucci_universal_2006,
  AUTHOR = {Menicucci, Nicolas C. and van Loock, Peter and Gu, Mile and Weedbrook, Christian and Ralph, Timothy C. and Nielsen, Michael A.},
  URL = {http://arxiv.org/abs/quant-ph/0605198},
  DATE = {2006-09},
  DOI = {10.1103/PhysRevLett.97.110501},
  ISSN = {0031-9007, 1079-7114},
  JOURNALTITLE = {Physical Review Letters},
  KEYWORDS = {Quantum Physics,cv,mbqc,toread-flow},
  NOTE = {arXiv: quant-ph/0605198},
  NUMBER = {11},
  TITLE = {Universal {Quantum} {Computation} with {Continuous}-{Variable} {Cluster} {States}},
  URLDATE = {2018-04-14},
  VOLUME = {97},
}

@ARTICLE{gu_quantum_2009,
  AUTHOR = {Gu, Mile and Weedbrook, Christian and Menicucci, Nicolas C. and Ralph, Timothy C. and van Loock, Peter},
  URL = {http://arxiv.org/abs/0903.3233},
  DATE = {2009-06},
  DOI = {10.1103/PhysRevA.79.062318},
  ISSN = {1050-2947, 1094-1622},
  JOURNALTITLE = {Physical Review A},
  KEYWORDS = {Quantum Physics,cv,mbqc,cubic phase,toread-flow,favorite},
  NOTE = {arXiv: 0903.3233},
  NUMBER = {6},
  TITLE = {Quantum {Computing} with {Continuous}-{Variable} {Clusters}},
  URLDATE = {2018-04-19},
  VOLUME = {79},
}

@BOOK{de_gosson_symplectic_2011,
  AUTHOR = {de Gosson, Maurice A.},
  PUBLISHER = {Springer, Basel},
  DATE = {2011},
  ISBN = {978-3-7643-9992-4},
  SERIES = {Pseudo-{Differential} {Operators}},
  TITLE = {Symplectic {Methods} in {Harmonic} {Analysis} and in {Mathematical} {Physics}},
}

