
@article{fabre_modes_2020,
	title = {Modes and states in {Quantum} {Optics}},
	volume = {92},
	issn = {0034-6861, 1539-0756},
	url = {http://arxiv.org/abs/1912.09321},
	doi = {10.1103/RevModPhys.92.035005},
	number = {3},
	urldate = {2021-06-26},
	journal = {Reviews of Modern Physics},
	author = {Fabre, Claude and Treps, Nicolas},
	month = sep,
	year = {2020},
	note = {arXiv: 1912.09321},
	keywords = {Quantum Physics},
	pages = {035005},
}
