 @article{dll,
  TITLE = {{Dagger linear logic for categorical quantum mechanics}},
  AUTHOR = {J.R.B. Cockett and Cole Comfort and Priyaa Srinivasan},
  URL = {https://lmcs.episciences.org/8716},
  DOI = {10.46298/lmcs-17(4:8)2021},
  JOURNAL = {{Logical Methods in Computer Science}},
  VOLUME = {{Volume 17, Issue 4}},
  YEAR = {2021},
  MONTH = November,
  keywords  = {journal},
}

@inproceedings{cnot,
  doi = {10.4204/eptcs.287.4},
  url = {https://doi.org/10.4204/eptcs.287.4},
  year = {2019},
  month = January,
  publisher = {Open Publishing Association},
  volume = {287},
  pages = {67--84},
  author = {J.R.B. Cockett and Cole Comfort},
  title = {The Category {TOF}},
  journal = {Electronic Proceedings in Theoretical Computer Science},
  keywords  = {conference},
}

@inproceedings{tof,
  doi = {10.4204/eptcs.266.18},
  url = {https://doi.org/10.4204/eptcs.266.18},
  year = {2018},
  month = February,
  publisher = {Open Publishing Association},
  volume = {266},
  pages = {258--293},
  author = {Robin Cockett and Cole Comfort and Priyaa Srinivasan},
  title = {The Category {CNOT}},
  journal = {Electronic Proceedings in Theoretical Computer Science},
  keywords  = {conference},
}

@inproceedings{zxa,
  doi = {10.4204/eptcs.340.4},
  url = {https://doi.org/10.4204/eptcs.340.4},
  year = {2021},
  month = September,
  publisher = {Open Publishing Association},
  volume = {340},
  pages = {60--90},
  author = {Cole Comfort},
  title = {The {ZX}{\&}amp$\mathsemicolon$-calculus: A complete graphical calculus for classical circuits using spiders (best student paper)},
  journal = {Electronic Proceedings in Theoretical Computer Science},
  keywords  = {conference},
}

@article{lagrel,
  doi = {10.4204/eptcs.372.24},
  url = {https://doi.org/10.4204/eptcs.372.24},
  year = {2022},
  month = November,
  publisher = {Open Publishing Association},
  volume = {372},
  pages = {338--351},
  author = {Cole Comfort and Aleks Kissinger},
  title = {A Graphical Calculus for Lagrangian Relations},
  journal = {Electronic Proceedings in Theoretical Computer Science},
  keywords  = {conference},
}

@article{supermaps,
  title = {Coend Optics for Quantum Combs},
  volume = {380},
  ISSN = {2075-2180},
  url = {http://dx.doi.org/10.4204/EPTCS.380.4},
  DOI = {10.4204/eptcs.380.4},
  journal = {Electronic Proceedings in Theoretical Computer Science},
  publisher = {Open Publishing Association},
  author = {Hefford,  James and Comfort,  Cole},
  year = {2023},
  month = aug,
  pages = {63â€“76}
}

@misc{dist,
  doi = {10.48550/ARXIV.2102.04386},
  url = {https://arxiv.org/abs/2102.04386},
  author = {Comfort,  Cole},
  title = {Distributive Laws,  Spans and the ZX-Calculus},
  publisher = {arXiv},
  year = {2021},
  copyright = {Creative Commons Attribution 4.0 International},
  keywords  = {preprint},
}

@misc{stabcodes,
      title={The Algebra for Stabilizer Codes}, 
      author={Cole Comfort},
      year={2023},
      publisher = {arXiv},
      eprint={2304.10584},
      primaryClass={quant-ph},
      url={https://arxiv.org/abs/2304.10584},
      copyright = {Creative Commons Attribution 4.0 International},
}

@misc{GSA,
      Author = {Robert I. Booth and Titouan Carette and Cole Comfort},
      Title = {Graphical Symplectic Algebra},
      Year = {2024},
      primaryClass={cs.LO},
      url={https://arxiv.org/abs/2401.07914},
      publisher = {arXiv},
      Eprint = {2401.07914},
      copyright = {Creative Commons Attribution 4.0 International},
}

@misc{bimonoidal,
  doi = {10.48550/ARXIV.2010.13361},
  url = {https://arxiv.org/abs/2010.13361},
  author = {Comfort,  Cole and Delpeuch,  Antonin and Hedges,  Jules},
  title = {Sheet diagrams for bimonoidal categories},
  publisher = {arXiv},
  year = {2020},
  copyright = {Creative Commons Attribution 4.0 International},
}
